Quantity, Name, CardNumber, Expansion Code, Expansion Name, PurchasePrice, Foil, Condition, Language, PurchaseDate, Single Current Price, Total Current Price
1,"Absolving Lammasu",2,mkm,Murders at Karlov Manor,0.08,false,NearMint,English,20240921,0.02,0.02
1,"Abundance",58,znc,Zendikar Rising Commander,0.37,false,NearMint,English,20241007,0.35,0.35
2,"Abundant Harvest",269,cmm,Commander Masters,0.04,false,NearMint,English,20240930,0.02,0.04
1,"Abundant Harvest",354,mh2,Modern Horizons 2,0.04,false,NearMint,English,20240930,0.14,0.14
2,"Abzan Falconer",77,mic,Midnight Hunt Commander,0.17,false,NearMint,English,20240922,0.37,0.74
1,"Acidic Slime",165,m10,Magic 2010,0.2,false,NearMint,English,20241007,1.1,1.1
1,"Acrobatic Leap",2,lci,The Lost Caverns of Ixalan,0.04,false,NearMint,English,20240921,0.02,0.02
1,"Adaptive Gemguard",3,lci,The Lost Caverns of Ixalan,0.02,false,NearMint,English,20240921,0.02,0.02
4,"Adaptive Sporesinger",157,one,Phyrexia: All Will Be One,0.03,false,NearMint,English,20241007,0.02,0.08
1,"Admonition Angel",10,znc,Zendikar Rising Commander,0.75,false,NearMint,English,20240921,0.39,0.39
4,"Adventurous Impulse",627,j22,Jumpstart 2022,0.05,false,NearMint,English,20240930,0.05,0.2
4,"Aerial Boost",2,mom,March of the Machine,0.04,false,NearMint,English,20240921,0.02,0.08
10,"Aeronaut Cavalry",1,bro,The Brothers' War,0.03,false,NearMint,English,20240921,0.03,0.3
5,"Aeronaut's Wings",231,bro,The Brothers' War,0.05,false,NearMint,English,20241009,0.02,0.1
5,"Against All Odds",1,one,Phyrexia: All Will Be One,0.05,false,NearMint,English,20240921,0.14,0.7
2,"Ageless Guardian",8,stx,Strixhaven: School of Mages,0.01,false,NearMint,English,20240921,0.03,0.06
1,"Ainok Bond-Kin",4,ima,Iconic Masters,0.09,false,NearMint,English,20240921,0.05,0.05
4,"Airlift Chaplain",2,bro,The Brothers' War,0.04,false,NearMint,English,20240922,0.03,0.12
1,"Ajani's Pridemate",5,ima,Iconic Masters,0.16,false,NearMint,English,20240921,0.08,0.08
1,"Ajani's Pridemate",142,j22,Jumpstart 2022,0.14,false,NearMint,English,20240921,0.07,0.07
1,"Ajani, Strength of the Pride",2,pm20,Core Set 2020 Promos,16.42,true,NearMint,English,20240921,8.99,8.99
3,"Alabaster Host Intercessor",3,mom,March of the Machine,0.04,false,NearMint,English,20240921,0.05,0.15
2,"Alabaster Host Sanctifier",4,mom,March of the Machine,0.04,false,NearMint,English,20240921,0.05,0.1
2,"Alloy Animist",166,bro,The Brothers' War,0.06,false,NearMint,English,20240930,0.04,0.08
3,"Almighty Brushwagg",143,iko,Ikoria: Lair of Behemoths,0.02,false,NearMint,English,20240930,0.3,0.9
6,"Ambush Paratrooper",3,bro,The Brothers' War,0.06,false,NearMint,English,20240921,0.02,0.12
1,"Amrou Seekers",2,tsp,Time Spiral,0.16,false,NearMint,English,20240921,0.02,0.02
1,"Ancestral Blade",5,cmr,Commander Legends,0.03,false,NearMint,English,20240921,0.1,0.1
1,"Ancient Imperiosaur",174,pmom,March of the Machine Promos,0.92,true,NearMint,English,20241006,1.2,1.2
1,"Angel of Glory's Rise",79,mic,Midnight Hunt Commander,0.23,false,NearMint,English,20240921,0.56,0.56
1,"Angelic Blessing",2,ps11,Salvat 2011,0.0,false,NearMint,English,20240921,0.02,0.02
2,"Angelic Curator",262,mh2,Modern Horizons 2,0.24,true,NearMint,English,20240921,0.25,0.5
5,"Angelic Intervention",5,mom,March of the Machine,0.1,false,NearMint,English,20240921,0.49,2.45
1,"Angelic Intervention",5,mom,March of the Machine,0.16,true,NearMint,English,20240921,0.05,0.05
1,"Angelic Observer",1,snc,Streets of New Capenna,0.1,false,NearMint,English,20240921,0.02,0.02
1,"Animation Module",194,pkld,Kaladesh Promos,8.39,true,NearMint,English,20241008,6.8,6.8
1,"Animist's Awakening",166,c20,Commander 2020,5.52,false,NearMint,English,20241006,0.18,0.18
1,"Ankle Biter",153,otj,Outlaws of Thunder Junction,0.06,false,NearMint,English,20240930,0.07,0.07
2,"Annex Sentry",2,one,Phyrexia: All Will Be One,0.11,false,NearMint,English,20240922,0.08,0.16
3,"Apostle of Invasion",3,one,Phyrexia: All Will Be One,0.02,false,NearMint,English,20240921,0.02,0.06
2,"Arachnoid Adaptation",175,mom,March of the Machine,0.03,false,NearMint,English,20240930,0.2,0.4
1,"Arboreal Grazer",131,rvr,Ravnica Remastered,0.17,false,NearMint,English,20240930,0.02,0.02
3,"Arcane Signet",157,mic,Midnight Hunt Commander,0.36,false,NearMint,English,20241009,0.55,1.65
1,"Arcbound Worker",104,dst,Darksteel,0.24,false,NearMint,English,20241008,0.25,0.25
1,"Archangel of Wrath",3,pdmu,Dominaria United Promos,0.94,true,NearMint,English,20240921,0.95,0.95
1,"Archon's Glory",2,woe,Wilds of Eldraine,0.05,false,NearMint,English,20240921,0.09,0.09
2,"Argivian Cavalier",4,dmu,Dominaria United,0.03,false,NearMint,English,20240922,0.02,0.04
7,"Argivian Phalanx",5,dmu,Dominaria United,0.03,false,NearMint,English,20240921,0.2,1.4
1,"Argivian Phalanx",5,dmu,Dominaria United,0.06,true,NearMint,English,20240921,0.25,0.25
6,"Argothian Opportunist",167,plst,The List,0.0,false,NearMint,English,20241007,0.0,0.0
8,"Argothian Sprite",168,bro,The Brothers' War,0.02,false,NearMint,English,20241007,0.17,1.36
1,"Armorcraft Judge",60,znc,Zendikar Rising Commander,0.12,false,NearMint,English,20241007,0.24,0.24
1,"Armored Armadillo",3,otj,Outlaws of Thunder Junction,0.04,false,NearMint,English,20240921,0.05,0.05
1,"Armored Kincaller",174,lci,The Lost Caverns of Ixalan,0.04,false,NearMint,English,20241007,0.02,0.02
2,"Armored Scrapgorger",158,one,Phyrexia: All Will Be One,0.14,false,NearMint,English,20241007,0.21,0.42
1,"Arrester's Zeal",27,mb1,Mystery Booster,0.04,false,NearMint,English,20240921,0.02,0.02
7,"Artillery Blast",6,dmu,Dominaria United,0.04,false,NearMint,English,20240921,0.02,0.14
5,"Ashnod's Harvester",117,bro,The Brothers' War,0.09,false,NearMint,English,20241009,0.12,0.6
1,"Astral Confrontation",6,clb,Commander Legends: Battle for Baldur's Gate,0.04,false,NearMint,English,20240921,0.02,0.02
2,"Atraxa's Fall",176,mom,March of the Machine,0.03,false,NearMint,English,20241007,0.1,0.2
1,"Attended Knight",5,m13,Magic 2013,0.06,false,NearMint,English,20240922,0.19,0.19
1,"Attended Knight",5,m13,Magic 2013,0.06,false,NearMint,Portuguese,20240922,0.19,0.19
3,"Attended Socialite",133,snc,Streets of New Capenna,0.02,false,NearMint,English,20241007,0.02,0.06
3,"Attentive Skywarden",7,mom,March of the Machine,0.02,false,NearMint,English,20240922,0.51,1.53
1,"Attentive Sunscribe",4,lci,The Lost Caverns of Ixalan,0.02,false,NearMint,English,20240921,0.02,0.02
2,"Audacity",169,bro,The Brothers' War,0.52,false,NearMint,English,20240930,0.42,0.84
6,"Auramancer",1,dmr,Dominaria Remastered,0.03,false,NearMint,English,20240922,0.08,0.48
1,"Auspicious Starrix",144,iko,Ikoria: Lair of Behemoths,0.11,false,NearMint,English,20241007,0.15,0.15
3,"Automated Artificer",239,neo,Kamigawa: Neon Dynasty,0.02,false,NearMint,English,20241009,0.1,0.3
1,"Avacyn's Pilgrim",170,isd,Innistrad,0.27,false,NearMint,English,20240930,0.22,0.22
3,"Awakened Skyclave",194,mom,March of the Machine,0.44,false,NearMint,English,20241007,0.27,0.81
1,"Awakening Zone",176,roe,Rise of the Eldrazi,1.6,false,NearMint,English,20241007,1.25,1.25
1,"Awakening of Vitu-Ghazi",152,war,War of the Spark,0.17,false,NearMint,English,20241007,0.07,0.07
3,"Azusa's Many Journeys",172,neo,Kamigawa: Neon Dynasty,0.26,false,NearMint,English,20241007,0.12,0.36
2,"Bag End Porter",153,ltr,The Lord of the Rings: Tales of Middle-earth,0.02,false,NearMint,English,20241007,0.03,0.06
1,"Bala Ged Recovery",24,pctb,From Cute to Brute,5.25,false,NearMint,English,20241007,4.99,4.99
1,"Bala Ged Sanctuary",24,pctb,From Cute to Brute,5.25,false,NearMint,English,20241007,4.99,4.99
1,"Baldin, Century Herdmaster",10,slx,Universes Within,1.35,false,NearMint,English,20240921,0.6,0.6
2,"Ballroom Brawlers",3,snc,Streets of New Capenna,0.03,false,NearMint,English,20240921,0.25,0.5
1,"Bamboo Grove Archer",173,neo,Kamigawa: Neon Dynasty,0.02,false,NearMint,English,20241007,0.02,0.02
1,"Band Together",631,j22,Jumpstart 2022,0.02,false,NearMint,English,20241007,0.02,0.02
2,"Banish from Edoras",1,ltr,The Lord of the Rings: Tales of Middle-earth,0.02,false,NearMint,English,20240921,0.17,0.34
1,"Banishing Light",9,scd,Starter Commander Decks,0.05,false,NearMint,English,20240921,0.1,0.1
1,"Banishment",8,clb,Commander Legends: Battle for Baldur's Gate,0.06,false,NearMint,English,20240921,0.02,0.02
1,"Bannerhide Krushok",149,mh2,Modern Horizons 2,0.04,true,NearMint,English,20241007,0.25,0.25
2,"Bannerhide Krushok",149,mh2,Modern Horizons 2,0.02,false,NearMint,English,20241007,0.35,0.7
1,"Barbed Spike",5,mh2,Modern Horizons 2,0.05,false,NearMint,English,20240921,0.14,0.14
3,"Barkweave Crusher",154,dmu,Dominaria United,0.03,false,NearMint,English,20241007,0.02,0.06
1,"Barrow-Blade",237,ltr,The Lord of the Rings: Tales of Middle-earth,0.18,true,NearMint,English,20241008,0.45,0.45
1,"Barrow-Blade",237,ltr,The Lord of the Rings: Tales of Middle-earth,0.04,false,NearMint,English,20241008,0.06,0.06
8,"Basilica Shepherd",4,one,Phyrexia: All Will Be One,0.04,false,NearMint,English,20240921,0.02,0.16
1,"Basilica Skullbomb",224,one,Phyrexia: All Will Be One,0.12,true,NearMint,English,20241008,0.04,0.04
4,"Basilica Skullbomb",224,one,Phyrexia: All Will Be One,0.01,false,NearMint,English,20241008,0.06,0.24
2,"Basri's Acolyte",154,j22,Jumpstart 2022,0.04,false,NearMint,English,20240921,0.1,0.2
1,"Bat Colony",5,lci,The Lost Caverns of Ixalan,0.03,false,NearMint,English,20240921,0.02,0.02
3,"Battle Screech",59,onc,Phyrexia: All Will Be One Commander,0.07,false,NearMint,English,20240921,0.05,0.15
1,"Battlefield Scrounger",150,dmr,Dominaria Remastered,0.01,true,NearMint,English,20241007,0.05,0.05
7,"Battlefield Scrounger",150,dmr,Dominaria Remastered,0.05,false,NearMint,English,20241007,0.26,1.82
2,"Battleflight Eagle",7,plst,The List,0.05,false,NearMint,English,20240921,0.02,0.04
1,"Beanstalk Giant // Fertile Footsteps",819,clb,Commander Legends: Battle for Baldur's Gate,0.16,false,NearMint,English,20241006,0.23,0.23
1,"Beanstalk Wurm // Plant Beans",161,woe,Wilds of Eldraine,0.05,false,NearMint,English,20241007,0.02,0.02
1,"Bearer of Memory",174,neo,Kamigawa: Neon Dynasty,0.04,false,NearMint,English,20241007,0.04,0.04
1,"Beast Within",186,c21,Commander 2021,1.5,false,NearMint,English,20241007,1.44,1.44
1,"Beast Within",141,c16,Commander 2016,0.49,false,NearMint,English,20241007,0.86,0.86
1,"Beastmaster Ascension",1133,mb1,Mystery Booster,2.89,false,NearMint,English,20241007,3.23,3.23
1,"Befriending the Moths",4,neo,Kamigawa: Neon Dynasty,0.05,false,NearMint,English,20240921,0.02,0.02
3,"Belenon War Anthem",20,mom,March of the Machine,0.03,false,NearMint,English,20240922,0.02,0.06
1,"Belligerent Regisaur",191,mom,March of the Machine,0.65,false,NearMint,English,20241007,0.32,0.32
4,"Benalish Faithbonder",7,dmu,Dominaria United,0.03,false,NearMint,English,20240921,0.02,0.08
4,"Benalish Sleeper",8,dmu,Dominaria United,0.02,false,NearMint,English,20240921,0.05,0.2
1,"Benevolent Blessing",13,cmr,Commander Legends,0.19,false,NearMint,English,20240921,0.14,0.14
1,"Benevolent Hydra",38,j22,Jumpstart 2022,11.81,false,NearMint,English,20241006,8.87,8.87
1,"Bestial Bloodline",162,woe,Wilds of Eldraine,0.05,false,NearMint,English,20241007,0.02,0.02
1,"Bestial Menace",1137,mb1,Mystery Booster,0.05,false,NearMint,English,20241007,0.02,0.02
1,"Betrayal at the Vault",155,otj,Outlaws of Thunder Junction,0.06,false,NearMint,English,20241007,0.09,0.09
1,"Bill the Pony",454,ltr,The Lord of the Rings: Tales of Middle-earth,0.09,false,NearMint,English,20240921,0.05,0.05
1,"Biogenic Upgrade",123,plst,The List,0.19,false,NearMint,English,20241007,0.0,0.0
4,"Bite Down",155,dmu,Dominaria United,0.13,false,NearMint,English,20241007,0.1,0.4
2,"Blacksmith's Skill",6,mh2,Modern Horizons 2,0.15,false,NearMint,English,20240921,0.16,0.32
4,"Blade Banish",4,iko,Ikoria: Lair of Behemoths,0.05,false,NearMint,English,20240921,0.02,0.08
2,"Blade of the Sixth Pride",9,tsr,Time Spiral Remastered,0.05,false,NearMint,English,20240921,0.02,0.04
1,"Blade-Blizzard Kitsune",331,neo,Kamigawa: Neon Dynasty,0.03,false,NearMint,English,20240921,0.2,0.2
4,"Bladed Ambassador",417,one,Phyrexia: All Will Be One,0.09,true,NearMint,English,20240921,0.25,1.0
4,"Bladed Ambassador",5,one,Phyrexia: All Will Be One,0.06,false,NearMint,English,20240921,0.02,0.08
1,"Blanchwood Armor",171,bro,The Brothers' War,0.1,false,NearMint,English,20241007,0.05,0.05
4,"Blanchwood Prowler",172,plst,The List,0.0,false,NearMint,English,20241007,0.0,0.0
1,"Blessed Defiance",156,j22,Jumpstart 2022,0.04,false,NearMint,English,20240921,0.03,0.03
2,"Blessed Respite",150,mh2,Modern Horizons 2,0.18,false,NearMint,English,20241007,0.02,0.04
1,"Blighted Burgeoning",177,mom,March of the Machine,0.05,false,NearMint,English,20241007,0.03,0.03
1,"Blunt the Assault",113,som,Scars of Mirrodin,0.7,true,NearMint,English,20241007,0.4,0.4
3,"Bola Slinger",8,mom,March of the Machine,0.08,false,NearMint,English,20240921,0.02,0.06
2,"Bombadil's Song",154,ltr,The Lord of the Rings: Tales of Middle-earth,0.18,false,NearMint,English,20241007,0.03,0.06
2,"Bond Beetle",161,m13,Magic 2013,0.11,false,NearMint,English,20240930,0.11,0.22
4,"Bonded Herdbeast",178,mom,March of the Machine,0.02,false,NearMint,English,20241007,0.02,0.08
2,"Bone Saw",7,brr,The Brothers' War Retro Artifacts,0.03,false,NearMint,English,20241008,0.02,0.04
1,"Boseiju Reaches Skyward",177,neo,Kamigawa: Neon Dynasty,0.06,false,NearMint,English,20241007,0.1,0.1
1,"Boss's Chauffeur",13,ncc,New Capenna Commander,0.15,false,NearMint,English,20240921,0.25,0.25
1,"Bound in Silence",10,tsr,Time Spiral Remastered,0.02,false,NearMint,English,20240921,0.14,0.14
1,"Branch of Boseiju",177,neo,Kamigawa: Neon Dynasty,0.06,false,NearMint,English,20241007,0.1,0.1
6,"Branchblight Stalker",160,one,Phyrexia: All Will Be One,0.2,false,NearMint,English,20241007,0.02,0.12
6,"Break Asunder",152,dmr,Dominaria Remastered,0.02,false,NearMint,English,20241007,0.02,0.12
1,"Bridled Bighorn",7,otj,Outlaws of Thunder Junction,0.05,false,NearMint,English,20240921,0.02,0.02
2,"Brightmare",159,j22,Jumpstart 2022,0.08,false,NearMint,English,20240922,0.3,0.6
1,"Brilliant Restoration",7,pneo,Kamigawa: Neon Dynasty Promos,1.3,true,NearMint,English,20240921,0.5,0.5
1,"Bristlepack Sentry",156,otj,Outlaws of Thunder Junction,0.49,false,NearMint,English,20241007,0.49,0.49
3,"Bristling Boar",146,iko,Ikoria: Lair of Behemoths,0.03,false,NearMint,English,20241007,0.02,0.06
1,"Broken Bond",1150,mb1,Mystery Booster,0.25,false,NearMint,English,20241007,0.25,0.25
1,"Broken Wings",157,dmu,Dominaria United,0.02,false,NearMint,English,20241007,0.02,0.02
1,"Brokers Initiate",5,snc,Streets of New Capenna,0.03,false,NearMint,English,20240921,0.01,0.01
1,"Bronze Cudgels",240,neo,Kamigawa: Neon Dynasty,0.02,false,NearMint,English,20241008,0.02,0.02
1,"Bulette",173,afr,Adventures in the Forgotten Realms,0.02,false,NearMint,English,20241007,0.02,0.02
1,"Bull's Strength",174,afr,Adventures in the Forgotten Realms,0.19,false,NearMint,English,20241007,0.19,0.19
1,"Buried Treasure",246,lci,The Lost Caverns of Ixalan,0.04,false,NearMint,English,20241009,0.1,0.1
1,"Burly Breaker",299,mid,Innistrad: Midnight Hunt,0.05,false,NearMint,English,20241007,0.02,0.02
3,"Burnished Dunestomper",43,mom,March of the Machine,0.01,false,NearMint,English,20240921,0.24,0.72
2,"Burrowing Razormaw",173,bro,The Brothers' War,0.02,false,NearMint,English,20241007,0.02,0.04
7,"Bushwhack",174,bro,The Brothers' War,0.28,false,NearMint,English,20240930,0.2,1.4
1,"Buy Your Silence",6,snc,Streets of New Capenna,0.02,false,NearMint,English,20240921,0.02,0.02
3,"Calamity's Wake",4,bro,The Brothers' War,0.08,false,NearMint,English,20240921,0.08,0.24
2,"Calamity's Wake",4,bro,The Brothers' War,0.25,true,NearMint,English,20240921,0.25,0.5
1,"Calciderm",23,plc,Planar Chaos,0.13,false,NearMint,English,20240921,0.25,0.25
1,"Call of the Herd",153,plst,The List,0.0,false,NearMint,English,20241007,0.0,0.0
1,"Campfire",304,clb,Commander Legends: Battle for Baldur's Gate,0.14,false,NearMint,English,20241008,0.6,0.6
1,"Candlelit Cavalry",175,mid,Innistrad: Midnight Hunt,0.01,true,NearMint,English,20241007,0.15,0.15
1,"Candy Trail",243,woe,Wilds of Eldraine,0.2,false,NearMint,English,20241008,0.32,0.32
5,"Cankerbloom",451,one,Phyrexia: All Will Be One,0.38,true,NearMint,English,20241007,0.87,4.35
1,"Capenna Express",139,plst,The List,0.01,false,NearMint,English,20241007,0.15,0.15
1,"Caprichrome",9,mh2,Modern Horizons 2,0.02,false,NearMint,English,20240921,0.02,0.02
1,"Capricopian",58,c20,Commander 2020,1.38,false,NearMint,English,20241006,0.08,0.08
1,"Captain of the Watch",8,gn3,Game Night: Free-for-All,0.4,false,NearMint,Portuguese,20240921,0.02,0.02
1,"Captain's Call",15,cmr,Commander Legends,0.04,false,NearMint,English,20240921,0.02,0.02
4,"Captain's Call",9,dmu,Dominaria United,0.01,false,NearMint,English,20240921,0.02,0.08
1,"Captain's Call",9,dmu,Dominaria United,0.04,true,NearMint,English,20240921,0.02,0.02
2,"Carnivorous Canopy",162,one,Phyrexia: All Will Be One,0.17,false,NearMint,English,20241007,0.06,0.12
1,"Cartographer's Survey",190,vow,Innistrad: Crimson Vow,0.05,false,NearMint,English,20241007,0.1,0.1
1,"Cataclysm",3,v14,From the Vault: Annihilation,5.69,true,NearMint,English,20240921,3.46,3.46
2,"Cavalry Drillmaster",8,m19,Core Set 2019,0.03,false,NearMint,English,20240921,0.07,0.14
1,"Cavern Stomper",177,lci,The Lost Caverns of Ixalan,0.04,false,NearMint,English,20241007,0.02,0.02
1,"Cazur, Ruthless Stalker",5,c20,Commander 2020,0.41,true,NearMint,English,20241007,0.19,0.19
2,"Celeborn the Wise",156,ltr,The Lord of the Rings: Tales of Middle-earth,0.02,false,NearMint,English,20241007,0.03,0.06
1,"Celebrate the Harvest",62,mic,Midnight Hunt Commander,0.28,false,NearMint,English,20241007,0.16,0.16
2,"Celebrity Fencer",7,snc,Streets of New Capenna,0.04,false,NearMint,English,20240921,0.15,0.3
1,"Celestial Judgment",5,mic,Midnight Hunt Commander,0.08,false,NearMint,English,20240921,0.03,0.03
1,"Ceremonial Knife",254,vow,Innistrad: Crimson Vow,0.05,false,NearMint,English,20241008,0.02,0.02
1,"Chains of Custody",3,j22,Jumpstart 2022,0.15,false,NearMint,English,20240922,0.2,0.2
1,"Challenger Troll",639,j22,Jumpstart 2022,0.06,false,NearMint,English,20241007,0.02,0.02
1,"Charcoal Diamond",305,clb,Commander Legends: Battle for Baldur's Gate,0.52,true,NearMint,English,20241009,0.14,0.14
1,"Charge of the Forever-Beast",147,iko,Ikoria: Lair of Behemoths,0.05,false,NearMint,English,20241007,0.05,0.05
4,"Charge of the Mites",6,one,Phyrexia: All Will Be One,0.04,false,NearMint,English,20240922,0.25,1.0
1,"Charismatic Vanguard",10,dmu,Dominaria United,0.01,false,NearMint,English,20240921,0.02,0.02
2,"Chatterstorm",210,blc,Bloomburrow Commander,0.1,false,NearMint,English,20241007,0.29,0.58
3,"Checkpoint Officer",5,iko,Ikoria: Lair of Behemoths,0.01,false,NearMint,English,20240921,0.02,0.06
1,"Cheeky House-Mouse // Squeak By",7,woe,Wilds of Eldraine,0.15,false,NearMint,English,20240921,0.06,0.06
1,"Children of Korlis",8,tsp,Time Spiral,0.26,false,NearMint,English,20240921,0.31,0.31
1,"Chomping Kavu",179,mom,March of the Machine,0.01,false,NearMint,English,20241007,0.02,0.02
1,"Chromatic Star",11,brr,The Brothers' War Retro Artifacts,0.13,false,NearMint,English,20241008,0.17,0.17
1,"Chromatic Star",11,brr,The Brothers' War Retro Artifacts,0.28,true,NearMint,English,20241008,0.15,0.15
1,"Chromatic Star",74,brr,The Brothers' War Retro Artifacts,0.21,false,NearMint,English,20241008,0.35,0.35
1,"Chrome Host Hulk",188,mom,March of the Machine,0.02,false,NearMint,English,20241007,0.05,0.05
1,"Circuitous Route",62,znc,Zendikar Rising Commander,0.94,false,NearMint,English,20241007,0.79,0.79
1,"Citadel Siege",85,c21,Commander 2021,0.2,false,NearMint,English,20240921,0.1,0.1
6,"Citanul Stalwart",175,bro,The Brothers' War,0.05,false,NearMint,English,20240930,0.09,0.54
1,"Citizen's Arrest",11,dmu,Dominaria United,0.04,false,NearMint,English,20240921,0.05,0.05
1,"Civic Gardener",140,snc,Streets of New Capenna,0.12,false,NearMint,English,20241007,0.12,0.12
1,"Clarion Cathars",14,dbl,Innistrad: Double Feature,0.03,false,NearMint,English,20240921,0.1,0.1
7,"Clay Revenant",118,bro,The Brothers' War,0.09,false,NearMint,English,20241008,0.02,0.14
1,"Clay-Fired Bricks",6,lci,The Lost Caverns of Ixalan,0.05,false,NearMint,English,20240921,0.02,0.02
2,"Cleanup Crew",141,snc,Streets of New Capenna,0.02,false,NearMint,English,20241007,0.04,0.08
1,"Cleaving Skyrider",12,dmu,Dominaria United,0.02,false,NearMint,English,20240921,0.02,0.02
7,"Cleric of the Forward Order",3,dmr,Dominaria Remastered,0.02,false,NearMint,English,20240921,0.02,0.14
1,"Cliffhaven Kitesail",243,znr,Zendikar Rising,0.11,false,NearMint,English,20241008,0.09,0.09
6,"Clockwork Drawbridge",13,dmu,Dominaria United,0.03,false,NearMint,English,20240921,0.16,0.96
2,"Coalition Skyknight",14,dmu,Dominaria United,0.02,false,NearMint,English,20240921,0.05,0.1
1,"Coalition Skyknight",14,dmu,Dominaria United,0.08,true,NearMint,English,20240921,0.35,0.35
4,"Coastal Bulwark",76,bro,The Brothers' War,0.02,false,NearMint,English,20241009,0.02,0.08
1,"Coiling Stalker",179,neo,Kamigawa: Neon Dynasty,0.02,false,NearMint,English,20241007,0.02,0.02
2,"Coldsteel Heart",301,2x2,Double Masters 2022,0.96,false,NearMint,English,20241009,0.28,0.56
2,"Collector's Vault",244,woe,Wilds of Eldraine,0.19,false,NearMint,English,20241009,0.2,0.4
1,"Colossal Badger // Dig Deep",223,clb,Commander Legends: Battle for Baldur's Gate,0.07,true,NearMint,English,20241007,0.23,0.23
3,"Colossal Growth",158,dmu,Dominaria United,0.22,false,NearMint,English,20241007,0.04,0.12
1,"Colossal Majesty",87,j22,Jumpstart 2022,0.93,false,NearMint,English,20241007,1.12,1.12
7,"Combat Courier",77,bro,The Brothers' War,0.05,false,NearMint,English,20241008,0.36,2.52
1,"Combat Professor",167,j22,Jumpstart 2022,0.06,false,NearMint,English,20240921,0.02,0.02
1,"Commune with Nature",166,woe,Wilds of Eldraine,0.02,false,NearMint,English,20240930,0.03,0.03
1,"Commune with Spirits",180,neo,Kamigawa: Neon Dynasty,0.05,false,NearMint,English,20240930,0.45,0.45
4,"Compleat Devotion",7,one,Phyrexia: All Will Be One,0.02,false,NearMint,English,20240921,0.02,0.08
1,"Condemn",4,ps11,Salvat 2011,0.0,false,NearMint,English,20240921,0.65,0.65
2,"Congregate",6,m15,Magic 2015,0.07,false,NearMint,English,20240921,0.1,0.2
1,"Constable of the Realm",179,moc,March of the Machine Commander,0.03,false,NearMint,English,20240921,0.18,0.18
1,"Contagious Vorrac",164,one,Phyrexia: All Will Be One,0.11,false,NearMint,English,20241007,0.03,0.03
1,"Containment Construct",243,neo,Kamigawa: Neon Dynasty,0.41,false,NearMint,English,20241009,0.46,0.46
2,"Contested Game Ball",251,lci,The Lost Caverns of Ixalan,0.02,false,NearMint,English,20241009,0.02,0.04
3,"Converter Beast",180,mom,March of the Machine,0.02,false,NearMint,English,20241007,0.05,0.15
4,"Coordinated Charge",6,iko,Ikoria: Lair of Behemoths,0.02,false,NearMint,English,20240921,0.02,0.08
3,"Copper Host Crusher",181,mom,March of the Machine,0.06,false,NearMint,English,20241006,0.33,0.99
7,"Copper Longlegs",165,one,Phyrexia: All Will Be One,0.13,false,NearMint,English,20241007,0.03,0.21
1,"Coppercoat Vanguard",1,mat,March of the Machine: The Aftermath,0.16,false,NearMint,English,20240921,0.72,0.72
3,"Cosmic Hunger",182,mom,March of the Machine,0.2,false,NearMint,English,20241007,0.1,0.3
1,"Cosmium Blast",7,lci,The Lost Caverns of Ixalan,0.02,false,NearMint,English,20240921,0.02,0.02
1,"Cosmium Kiln",6,lci,The Lost Caverns of Ixalan,0.05,false,NearMint,English,20240921,0.02,0.02
1,"Courier's Briefcase",467,snc,Streets of New Capenna,0.5,false,NearMint,English,20241007,0.05,0.05
1,"Courser of Kruphix",1169,mb1,Mystery Booster,1.12,false,NearMint,English,20241007,1.14,1.14
1,"Crash the Party",57,pncc,New Capenna Commander Promos,1.19,true,NearMint,English,20241007,0.95,0.95
8,"Crawling Chorus",8,one,Phyrexia: All Will Be One,0.14,false,NearMint,English,20240921,0.04,0.32
2,"Crop Rotation",154,dmr,Dominaria Remastered,2.84,false,NearMint,English,20240930,1.57,3.14
1,"Crush Contraband",16,scd,Starter Commander Decks,0.13,false,NearMint,English,20240921,0.07,0.07
1,"Crushing Canopy",461,dbl,Innistrad: Double Feature,0.49,false,NearMint,English,20241007,0.49,0.49
4,"Crystal Carapace",183,mom,March of the Machine,0.03,false,NearMint,English,20241007,0.05,0.2
1,"Cubwarden",279,iko,Ikoria: Lair of Behemoths,0.15,false,NearMint,Korean,20240921,0.15,0.15
2,"Cultivate",295,moc,March of the Machine Commander,0.49,false,NearMint,English,20241007,0.29,0.58
1,"Cultivate",51,sta,Strixhaven Mystical Archive,0.24,false,NearMint,English,20241007,0.63,0.63
1,"Curse of Clinging Webs",25,mic,Midnight Hunt Commander,2.95,false,NearMint,English,20241007,0.1,0.1
1,"Curse of Conformity",6,mic,Midnight Hunt Commander,0.15,false,NearMint,English,20240921,0.15,0.15
1,"Cursed Courtier",9,woe,Wilds of Eldraine,0.02,false,NearMint,English,20240921,0.02,0.02
2,"Custodi Soulbinders",23,cm2,Commander Anthology Volume II,0.28,false,NearMint,English,20240921,0.15,0.3
2,"Cut Short",10,mom,March of the Machine,0.01,false,NearMint,English,20240922,0.05,0.1
2,"Damping Sphere",213,dom,Dominaria,1.07,false,NearMint,English,20241009,0.66,1.32
1,"Dance of the Tumbleweeds",160,otj,Outlaws of Thunder Junction,0.25,false,NearMint,English,20241007,0.1,0.1
1,"Danitha, Benalia's Hope",287,dmu,Dominaria United,0.21,false,NearMint,English,20240921,0.15,0.15
1,"Dapper Shieldmate",9,snc,Streets of New Capenna,0.01,false,NearMint,English,20240921,0.01,0.01
1,"Darksteel Ingot",215,cma,Commander Anthology,0.41,false,NearMint,English,20241009,0.1,0.1
1,"Darksteel Mutation",21,cmm,Commander Masters,1.44,false,NearMint,English,20240921,0.9,0.9
1,"Dawnhart Rejuvenator",301,mid,Innistrad: Midnight Hunt,0.06,false,NearMint,English,20241007,0.02,0.02
3,"Daxos, Blessed by the Sun",2,mul,Multiverse Legends,0.14,false,NearMint,English,20240921,0.08,0.24
4,"Daysquad Marshal",8,iko,Ikoria: Lair of Behemoths,0.03,false,NearMint,English,20240921,0.02,0.08
1,"Deadly Recluse",282,cmm,Commander Masters,0.01,false,NearMint,English,20241007,0.01,0.01
5,"Deadly Riposte",5,bro,The Brothers' War,0.04,false,NearMint,English,20240921,0.02,0.1
1,"Deadwood Treefolk",155,dmr,Dominaria Remastered,0.04,false,NearMint,English,20241006,0.02,0.02
1,"Dearly Departed",84,mic,Midnight Hunt Commander,0.08,false,NearMint,English,20240921,0.12,0.12
1,"Death's Presence",137,mic,Midnight Hunt Commander,0.27,false,NearMint,English,20241007,0.15,0.15
4,"Deathbloom Gardener",159,dmu,Dominaria United,0.12,false,NearMint,English,20241007,0.02,0.08
1,"Deepwood Denizen",155,mh2,Modern Horizons 2,0.18,false,NearMint,English,20241007,0.11,0.11
1,"Delver's Torch",10,afr,Adventures in the Forgotten Realms,0.04,false,NearMint,English,20240921,0.06,0.06
2,"Destroy Evil",17,dmu,Dominaria United,0.83,false,NearMint,English,20240921,1.73,3.46
1,"Devoted Paladin",11,afr,Adventures in the Forgotten Realms,0.02,false,NearMint,English,20240921,0.1,0.1
1,"Devouring Light",18,scd,Starter Commander Decks,0.04,false,NearMint,English,20240921,0.02,0.02
1,"Digsite Conservator",252,lci,The Lost Caverns of Ixalan,0.04,false,NearMint,English,20241009,0.1,0.1
1,"Dimir Signet",857,clb,Commander Legends: Battle for Baldur's Gate,0.44,false,NearMint,English,20241009,0.49,0.49
1,"Dire-Strain Demolisher",299,mid,Innistrad: Midnight Hunt,0.05,false,NearMint,English,20241007,0.02,0.02
1,"Disciple of Caelus Nin",41,brc,The Brothers' War Commander,0.08,false,NearMint,English,20240921,0.13,0.13
2,"Disciple of the Sun",11,mh2,Modern Horizons 2,0.03,false,NearMint,English,20240921,0.05,0.1
4,"Disenchant",6,bro,The Brothers' War,0.05,false,NearMint,English,20240921,0.03,0.12
2,"Distinguished Conjurer",264,mh3,Modern Horizons 3,0.05,false,NearMint,English,20240921,0.2,0.4
1,"Disturbed Slumber",182,lci,The Lost Caverns of Ixalan,0.02,false,NearMint,English,20241007,0.02,0.02
4,"Divine Arrow",176,j22,Jumpstart 2022,0.05,false,NearMint,English,20240921,0.02,0.08
1,"Divine Favor",14,m12,Magic 2012,0.06,false,NearMint,English,20240921,0.09,0.09
1,"Domesticated Hydra",63,cn2,Conspiracy: Take the Crown,0.22,false,NearMint,English,20241007,0.35,0.35
1,"Doomed Traveler",83,mb1,Mystery Booster,0.06,false,NearMint,English,20240921,0.07,0.07
4,"Dragon Blood",221,dmr,Dominaria Remastered,0.04,false,NearMint,English,20241009,0.02,0.08
6,"Dragon Engine",222,dmr,Dominaria Remastered,0.04,false,NearMint,English,20241009,0.01,0.06
3,"Dragonfly Suit",9,neo,Kamigawa: Neon Dynasty,0.04,false,NearMint,English,20240922,0.02,0.06
4,"Drannith Healer",10,iko,Ikoria: Lair of Behemoths,0.05,false,NearMint,English,20240921,0.02,0.08
8,"Dredging Claw",119,bro,The Brothers' War,0.04,false,NearMint,English,20241009,0.02,0.16
9,"Dross Skullbomb",225,one,Phyrexia: All Will Be One,0.04,false,NearMint,English,20241008,0.02,0.18
1,"Drover Grizzly",161,otj,Outlaws of Thunder Junction,0.02,false,NearMint,English,20241007,0.02,0.02
1,"Drover of the Mighty",239,lcc,Lost Caverns of Ixalan Commander,0.16,false,NearMint,English,20241007,0.12,0.12
1,"Drowsing Tyrannodon",648,j22,Jumpstart 2022,0.02,false,NearMint,English,20241007,0.12,0.12
1,"Druid Class",180,afr,Adventures in the Forgotten Realms,2.76,false,NearMint,English,20241007,0.49,0.49
1,"Dryad Greenseeker",178,m19,Core Set 2019,0.03,false,NearMint,English,20241007,0.04,0.04
6,"Duelist of Deep Faith",9,one,Phyrexia: All Will Be One,0.03,false,NearMint,English,20240921,0.02,0.12
1,"Duelist of Deep Faith",9,one,Phyrexia: All Will Be One,0.11,true,NearMint,English,20240921,0.02,0.02
6,"Dune Mover",226,one,Phyrexia: All Will Be One,0.03,false,NearMint,English,20241009,0.09,0.54
1,"Dungeon Map",242,afr,Adventures in the Forgotten Realms,0.08,false,NearMint,English,20241009,0.02,0.02
2,"Duskshell Crawler",650,j22,Jumpstart 2022,0.1,false,NearMint,English,20241007,0.1,0.2
1,"Dust Animus",9,otj,Outlaws of Thunder Junction,0.16,false,NearMint,English,20240921,0.26,0.26
1,"Dutiful Griffin",11,woe,Wilds of Eldraine,0.04,false,NearMint,English,20240921,0.02,0.02
1,"Dwynen's Elite",91,gn3,Game Night: Free-for-All,0.14,false,NearMint,English,20241007,0.08,0.08
1,"Dúnedain Blade",6,ltr,The Lord of the Rings: Tales of Middle-earth,0.09,false,NearMint,English,20240921,0.05,0.05
2,"Dúnedain Rangers",159,ltr,The Lord of the Rings: Tales of Middle-earth,0.02,false,NearMint,English,20241007,0.02,0.04
3,"Eagles of the North",7,ltr,The Lord of the Rings: Tales of Middle-earth,0.11,false,NearMint,English,20240921,0.14,0.42
3,"East-Mark Cavalier",9,ltr,The Lord of the Rings: Tales of Middle-earth,0.03,false,NearMint,English,20240921,0.03,0.09
1,"East-Mark Cavalier",9,ltr,The Lord of the Rings: Tales of Middle-earth,0.04,true,NearMint,English,20240921,0.03,0.03
2,"Eastfarthing Farmer",8,ltr,The Lord of the Rings: Tales of Middle-earth,0.02,false,NearMint,English,20240922,0.03,0.06
1,"Eastfarthing Farmer",8,ltr,The Lord of the Rings: Tales of Middle-earth,0.08,true,NearMint,English,20240922,0.02,0.02
1,"Ebony Fly",60,afc,Forgotten Realms Commander,5.55,false,NearMint,English,20241009,0.99,0.99
2,"Ecologist's Terrarium",246,neo,Kamigawa: Neon Dynasty,0.03,false,NearMint,English,20241009,0.05,0.1
4,"Edgewall Innkeeper",151,eld,Throne of Eldraine,0.1,false,NearMint,English,20240930,0.02,0.08
2,"Eerie Interference",12,woe,Wilds of Eldraine,0.06,false,NearMint,English,20240922,0.17,0.34
1,"Eidolon of Rhetoric",54,j22,Jumpstart 2022,0.8,false,NearMint,English,20240921,0.65,0.65
2,"Eiganjo Exemplar",10,neo,Kamigawa: Neon Dynasty,0.02,false,NearMint,English,20240921,0.02,0.04
1,"Elderleaf Mentor",652,j22,Jumpstart 2022,0.03,false,NearMint,English,20241007,0.02,0.02
1,"Elesh Norn, Mother of Machines",418,one,Phyrexia: All Will Be One,23.25,true,NearMint,English,20240921,26.9,26.9
1,"Elfhame Wurm",161,dmu,Dominaria United,0.06,true,NearMint,English,20241007,0.02,0.02
4,"Elfhame Wurm",161,dmu,Dominaria United,0.02,false,NearMint,English,20241007,0.04,0.16
1,"Elite Scaleguard",181,moc,March of the Machine Commander,0.03,false,NearMint,English,20240921,0.05,0.05
1,"Elite Scaleguard",14,znc,Zendikar Rising Commander,0.08,false,NearMint,English,20240921,0.15,0.15
1,"Elixir of Immortality",209,m14,Magic 2014,0.5,false,NearMint,English,20241008,0.3,0.3
1,"Elsewhere Flask",15,brr,The Brothers' War Retro Artifacts,0.04,false,NearMint,English,20241009,0.03,0.03
2,"Elspeth's Smite",13,mom,March of the Machine,0.2,false,NearMint,English,20240921,0.14,0.28
1,"Elspeth's Smite",13,mom,March of the Machine,0.36,true,NearMint,English,20240921,0.23,0.23
1,"Elven Bow",653,j22,Jumpstart 2022,0.08,false,NearMint,English,20240930,0.02,0.02
1,"Elven Farsight",612,ltr,The Lord of the Rings: Tales of Middle-earth,0.23,false,NearMint,English,20240930,0.29,0.29
7,"Elvish Aberration",4,ddu,Duel Decks: Elves vs. Inventors,0.13,false,NearMint,English,20241006,0.02,0.14
2,"Elvish Hydromancer",162,dmu,Dominaria United,0.05,false,NearMint,English,20241007,0.08,0.16
1,"Elvish Rejuvenator",94,gn3,Game Night: Free-for-All,0.01,false,NearMint,English,20241007,0.01,0.01
1,"Elvish Rejuvenator",88,j22,Jumpstart 2022,0.1,false,NearMint,English,20241007,0.09,0.09
1,"Elvish Spirit Guide",157,dmr,Dominaria Remastered,1.77,false,NearMint,English,20241007,0.77,0.77
1,"Elvish Visionary",169,m13,Magic 2013,0.07,false,NearMint,English,20241007,0.08,0.08
6,"Emerald Charm",158,dmr,Dominaria Remastered,0.01,false,NearMint,English,20240930,0.03,0.18
1,"Emerald Charm",158,dmr,Dominaria Remastered,0.02,false,NearMint,English,20241007,0.03,0.03
1,"Emeria Angel",21,scd,Starter Commander Decks,0.26,false,NearMint,English,20240921,0.38,0.38
4,"Enduring Bondwarden",14,mom,March of the Machine,0.04,false,NearMint,English,20240921,0.2,0.8
6,"Energy Refractor",234,bro,The Brothers' War,0.1,false,NearMint,English,20241009,0.08,0.48
1,"Enraged Huorn",162,ltr,The Lord of the Rings: Tales of Middle-earth,0.03,false,NearMint,English,20241007,0.03,0.03
1,"Ent's Fury",164,ltr,The Lord of the Rings: Tales of Middle-earth,0.03,false,NearMint,English,20241007,0.03,0.03
1,"Ent-Draught Basin",238,ltr,The Lord of the Rings: Tales of Middle-earth,0.03,false,NearMint,English,20241009,0.02,0.02
1,"Entish Restoration",163,ltr,The Lord of the Rings: Tales of Middle-earth,0.76,false,NearMint,English,20241007,0.77,0.77
1,"Entish Restoration",163,ltr,The Lord of the Rings: Tales of Middle-earth,2.92,false,NearMint,English,20241007,0.77,0.77
2,"Envoy of Okinec Ahau",11,lci,The Lost Caverns of Ixalan,0.04,false,NearMint,English,20240921,0.02,0.04
1,"Epic Confrontation",176,bro,The Brothers' War,0.05,true,NearMint,English,20241007,0.05,0.05
8,"Epic Confrontation",176,bro,The Brothers' War,0.04,false,NearMint,English,20241007,0.02,0.16
1,"Era of Enlightenment",11,neo,Kamigawa: Neon Dynasty,0.01,false,NearMint,English,20240921,0.06,0.06
2,"Errand-Rider of Gondor",462,ltr,The Lord of the Rings: Tales of Middle-earth,0.06,false,NearMint,English,20240922,0.1,0.2
1,"Errand-Rider of Gondor",11,ltr,The Lord of the Rings: Tales of Middle-earth,0.1,true,NearMint,English,20240922,0.05,0.05
1,"Errant Doomsayers",15,tsp,Time Spiral,0.06,false,NearMint,English,20240921,0.02,0.02
3,"Escape from Orthanc",12,ltr,The Lord of the Rings: Tales of Middle-earth,0.01,false,NearMint,English,20240921,0.03,0.09
3,"Esquire of the King",13,ltr,The Lord of the Rings: Tales of Middle-earth,0.05,false,NearMint,English,20240921,0.03,0.09
3,"Essence Symbiote",149,iko,Ikoria: Lair of Behemoths,0.05,false,NearMint,English,20241007,0.1,0.3
1,"Eternal Witness",286,cmm,Commander Masters,0.44,false,NearMint,English,20241007,0.44,0.44
1,"Eternal Witness",138,mic,Midnight Hunt Commander,1.17,false,NearMint,English,20241007,1.17,1.17
1,"Everflowing Chalice",60,ddf,Duel Decks: Elspeth vs. Tezzeret,0.46,false,NearMint,English,20241008,0.19,0.19
1,"Evolved Spinoderm",166,pone,Phyrexia: All Will Be One Promos,0.22,true,NearMint,English,20241007,0.49,0.49
3,"Evolving Adaptive",167,one,Phyrexia: All Will Be One,0.05,false,NearMint,English,20240930,0.02,0.06
3,"Excavation Mole",150,iko,Ikoria: Lair of Behemoths,0.02,false,NearMint,English,20241007,0.02,0.06
4,"Expand the Sphere",168,one,Phyrexia: All Will Be One,0.1,false,NearMint,English,20241007,0.11,0.44
1,"Experiment One",111,gk2_simic,Guild Kit: Simic,0.17,false,NearMint,English,20240930,0.43,0.43
1,"Explore the Underdark",232,clb,Commander Legends: Battle for Baldur's Gate,0.09,false,NearMint,English,20241007,0.23,0.23
1,"Explorer's Cache",184,lci,The Lost Caverns of Ixalan,0.05,true,NearMint,English,20241007,0.05,0.05
1,"Explorer's Scope",198,cns,Conspiracy,0.24,false,NearMint,English,20241008,0.13,0.13
1,"Exuberant Wolfbear",151,iko,Ikoria: Lair of Behemoths,0.04,false,NearMint,English,20241007,0.06,0.06
1,"Eyes in the Skies",17,rvr,Ravnica Remastered,0.01,false,NearMint,English,20240921,0.03,0.03
1,"Fa'adiyah Seer",160,dmr,Dominaria Remastered,0.05,false,NearMint,English,20241007,0.05,0.05
1,"Fa'adiyah Seer",340,dmr,Dominaria Remastered,0.06,false,NearMint,English,20241007,0.04,0.04
9,"Fa'adiyah Seer",160,dmr,Dominaria Remastered,0.03,false,NearMint,English,20241007,0.05,0.45
2,"Fade from History",177,pbro,The Brothers' War Promos,1.68,true,NearMint,English,20241007,1.98,3.96
1,"Fae Offering",158,mh2,Modern Horizons 2,0.09,false,NearMint,English,20241007,0.15,0.15
3,"Fairgrounds Patrol",13,mh2,Modern Horizons 2,0.02,false,NearMint,English,20240921,0.02,0.06
2,"Faith's Fetters",105,mb1,Mystery Booster,0.12,false,NearMint,English,20240921,0.06,0.12
2,"Fallaji Excavation",178,bro,The Brothers' War,0.05,false,NearMint,English,20241007,0.04,0.08
1,"Family Reunion",13,lci,The Lost Caverns of Ixalan,0.02,false,NearMint,English,20240921,0.02,0.02
1,"Fanatical Strength",159,mkm,Murders at Karlov Manor,0.02,false,NearMint,English,20241007,0.07,0.07
2,"Fang of Shigeki",183,neo,Kamigawa: Neon Dynasty,0.07,false,NearMint,English,20240930,0.1,0.2
1,"Far Wanderings",66,znc,Zendikar Rising Commander,0.87,false,NearMint,English,20241007,0.31,0.31
3,"Faramir, Field Commander",14,ltr,The Lord of the Rings: Tales of Middle-earth,0.05,false,NearMint,English,20240921,0.02,0.06
3,"Farfinder",2,iko,Ikoria: Lair of Behemoths,0.04,false,NearMint,English,20241009,0.02,0.06
1,"Farseek",170,m13,Magic 2013,1.06,false,NearMint,English,20241007,0.55,0.55
2,"Fauna Shaman",179,pbro,The Brothers' War Promos,2.19,false,NearMint,English,20241007,1.6,3.2
1,"Favor of Jukai",184,neo,Kamigawa: Neon Dynasty,0.03,false,NearMint,English,20241007,0.04,0.04
2,"Felidar Retreat",16,plst,The List,1.39,false,NearMint,English,20240921,0.48,0.96
1,"Feral Hydra",658,j22,Jumpstart 2022,0.17,false,NearMint,English,20241006,0.1,0.1
3,"Fertilid",152,iko,Ikoria: Lair of Behemoths,0.08,false,NearMint,English,20241007,0.04,0.12
3,"Fertilid's Favor",186,mom,March of the Machine,0.02,false,NearMint,English,20241007,0.02,0.06
1,"Fierce Retribution",2,otp,Breaking News,0.05,false,NearMint,English,20240921,0.1,0.1
1,"Fifty Feet of Rope",244,afr,Adventures in the Forgotten Realms,0.03,false,NearMint,English,20241008,0.26,0.26
1,"Fight Rigging",145,snc,Streets of New Capenna,0.74,false,NearMint,English,20241007,0.64,0.64
2,"Fight as One",12,iko,Ikoria: Lair of Behemoths,0.12,false,NearMint,English,20240921,0.16,0.32
1,"Final Judgment",4,plst,The List,0.43,false,NearMint,English,20240921,0.49,0.49
1,"Find the Path",183,afr,Adventures in the Forgotten Realms,0.02,false,NearMint,English,20241007,0.02,0.02
1,"Flaming Fist",18,clb,Commander Legends: Battle for Baldur's Gate,0.07,false,NearMint,English,20240921,0.02,0.02
2,"Flensing Raptor",12,one,Phyrexia: All Will Be One,0.04,false,NearMint,English,20240922,0.02,0.04
2,"Flicker of Fate",56,j22,Jumpstart 2022,0.14,false,NearMint,English,20240921,0.25,0.5
7,"Floriferous Vinewall",163,dmu,Dominaria United,0.02,false,NearMint,English,20241007,0.02,0.14
2,"Flourishing Fox",13,iko,Ikoria: Lair of Behemoths,0.12,false,NearMint,English,20240921,0.07,0.14
2,"Flourishing Strike",159,mh2,Modern Horizons 2,0.04,false,NearMint,English,20241007,0.05,0.1
3,"Flycatcher Giraffid",153,iko,Ikoria: Lair of Behemoths,0.02,false,NearMint,English,20241007,0.03,0.09
2,"Flywheel Racer",259,mom,March of the Machine,0.06,false,NearMint,English,20241009,0.05,0.1
1,"Flywheel Racer",259,mom,March of the Machine,0.13,true,NearMint,English,20241009,0.13,0.13
1,"Fodder Tosser",226,mh2,Modern Horizons 2,0.03,false,NearMint,English,20241009,0.01,0.01
2,"Fog of War",180,bro,The Brothers' War,0.04,false,NearMint,English,20241007,0.05,0.1
1,"Fog of War",180,bro,The Brothers' War,0.05,true,NearMint,English,20241007,0.25,0.25
3,"Fog on the Barrow-Downs",16,ltr,The Lord of the Rings: Tales of Middle-earth,0.03,false,NearMint,English,20240922,0.02,0.06
1,"Food Coma",308,woe,Wilds of Eldraine,0.12,false,NearMint,English,20240921,0.1,0.1
2,"For the Family",146,snc,Streets of New Capenna,0.03,false,NearMint,English,20240930,0.03,0.06
1,"Forced Landing",141,rvr,Ravnica Remastered,0.03,false,NearMint,English,20241007,0.02,0.02
1,"Forebear's Blade",384,cmm,Commander Masters,0.12,false,NearMint,English,20241009,0.02,0.02
4,"Forgotten Ancient",189,c21,Commander 2021,0.43,false,NearMint,English,20241007,0.33,1.32
1,"Foundry Inspector",16,brr,The Brothers' War Retro Artifacts,0.17,false,NearMint,English,20241009,0.19,0.19
1,"Fractured Powerstone",357,moc,March of the Machine Commander,0.09,false,NearMint,English,20241009,0.12,0.12
1,"Fragment of Konda",12,neo,Kamigawa: Neon Dynasty,0.04,false,NearMint,English,20240921,0.02,0.02
4,"Freelance Muscle",147,snc,Streets of New Capenna,0.02,false,NearMint,English,20241007,0.02,0.08
1,"Freestrider Commando",162,otj,Outlaws of Thunder Junction,0.02,false,NearMint,English,20241007,0.01,0.01
1,"Frodo, Sauron's Bane",304,ltr,The Lord of the Rings: Tales of Middle-earth,0.23,true,NearMint,English,20240921,0.98,0.98
2,"Frontier Seeker",368,otj,Outlaws of Thunder Junction,0.11,false,NearMint,English,20240921,0.02,0.04
1,"Frostbridge Guard",14,woe,Wilds of Eldraine,0.02,false,NearMint,English,20240921,0.02,0.02
1,"Fully Grown",154,iko,Ikoria: Lair of Behemoths,0.08,false,NearMint,English,20241007,0.05,0.05
1,"Funnel-Web Recluse",161,mh2,Modern Horizons 2,0.02,false,NearMint,English,20241007,0.02,0.02
5,"Furnace Skullbomb",228,one,Phyrexia: All Will Be One,0.02,false,NearMint,English,20241008,0.02,0.1
2,"Furnace-Blessed Conqueror",38,mom,March of the Machine,0.02,false,NearMint,English,20240921,0.02,0.04
1,"Gaea's Anthem",147,plc,Planar Chaos,0.2,false,NearMint,English,20241007,0.09,0.09
1,"Gaea's Blessing",77,tsb,Time Spiral Timeshifted,0.7,false,NearMint,English,20241007,0.5,0.5
5,"Gaea's Courser",181,bro,The Brothers' War,0.03,false,NearMint,English,20241007,0.02,0.1
6,"Gaea's Gift",182,bro,The Brothers' War,0.49,false,NearMint,English,20241007,0.46,2.76
3,"Gaea's Might",164,dmu,Dominaria United,0.03,false,NearMint,English,20240930,0.02,0.06
1,"Galadhrim Bow",167,ltr,The Lord of the Rings: Tales of Middle-earth,0.02,false,NearMint,English,20241007,0.03,0.03
1,"Galadhrim Guide",168,ltr,The Lord of the Rings: Tales of Middle-earth,0.02,false,NearMint,English,20241007,0.03,0.03
1,"Gallows Warden",16,isd,Innistrad,0.1,false,NearMint,English,20240921,0.02,0.02
2,"Gamekeeper",162,dmr,Dominaria Remastered,0.06,false,NearMint,English,20241007,0.2,0.4
1,"Gandalf the White",442,ltr,The Lord of the Rings: Tales of Middle-earth,11.06,false,NearMint,English,20240921,14.99,14.99
4,"Garrison Cat",14,iko,Ikoria: Lair of Behemoths,0.06,false,NearMint,English,20240921,0.2,0.8
1,"Gather Courage",105,gk1_selesn,Guild Kit: Selesnya,0.12,false,NearMint,English,20240930,0.1,0.1
1,"Gathering Throng",13,snc,Streets of New Capenna,0.02,false,NearMint,English,20240921,0.02,0.02
1,"Gavony Silversmith",21,dbl,Innistrad: Double Feature,0.03,false,NearMint,English,20240921,0.03,0.03
1,"Gemhide Sliver",205,tsr,Time Spiral Remastered,0.35,false,NearMint,English,20241007,1.1,1.1
2,"Generous Ent",169,ltr,The Lord of the Rings: Tales of Middle-earth,0.3,false,NearMint,English,20241006,0.44,0.88
1,"Generous Visitor",185,neo,Kamigawa: Neon Dynasty,0.1,false,NearMint,English,20240930,0.21,0.21
1,"Genesis Hydra",172,c20,Commander 2020,0.23,false,NearMint,English,20241006,0.26,0.26
1,"Geothermal Kami",186,neo,Kamigawa: Neon Dynasty,0.03,false,NearMint,English,20241007,0.01,0.01
1,"Ghirapur Guide",665,j22,Jumpstart 2022,0.02,false,NearMint,English,20241007,0.02,0.02
1,"Giant Beaver",165,otj,Outlaws of Thunder Junction,0.04,false,NearMint,English,20241007,0.02,0.02
1,"Giant Beaver",165,otj,Outlaws of Thunder Junction,0.06,true,NearMint,English,20241007,0.03,0.03
1,"Giant Dustwasp",206,tsr,Time Spiral Remastered,0.04,false,NearMint,English,20241007,0.02,0.02
8,"Giant Growth",183,bro,The Brothers' War,0.02,false,NearMint,English,20240930,0.05,0.4
1,"Giant Ladybug",39,j22,Jumpstart 2022,0.04,false,NearMint,English,20241007,0.06,0.06
1,"Giant Spider",139,ps11,Salvat 2011,0.0,false,NearMint,English,20241007,0.02,0.02
8,"Giant Spider",177,m12,Magic 2012,0.04,false,NearMint,English,20241007,0.05,0.4
1,"Giant Spider",163,dmr,Dominaria Remastered,0.01,true,NearMint,English,20241007,0.05,0.05
1,"Gift of Strands",170,ltr,The Lord of the Rings: Tales of Middle-earth,0.04,false,NearMint,English,20241007,0.14,0.14
1,"Gilded Pinions",238,snc,Streets of New Capenna,0.02,false,NearMint,English,20241009,0.02,0.02
1,"Glademuse",60,c20,Commander 2020,0.15,false,NearMint,English,20241007,0.08,0.08
1,"Glass Casket",16,woe,Wilds of Eldraine,0.03,false,NearMint,English,20240921,0.13,0.13
1,"Glimmer Bairn",163,mh2,Modern Horizons 2,0.03,false,NearMint,English,20240930,0.02,0.02
1,"Glistening Dawn",371,mom,March of the Machine,0.14,false,NearMint,English,20241007,0.43,0.43
2,"Glittermonger",149,snc,Streets of New Capenna,0.02,false,NearMint,English,20241007,0.04,0.08
1,"Glorfindel, Dauntless Rescuer",171,ltr,The Lord of the Rings: Tales of Middle-earth,0.04,false,NearMint,English,20241007,0.03,0.03
1,"Glorious Charge",11,m10,Magic 2010,0.04,false,NearMint,English,20240921,0.02,0.02
1,"Glorious Enforcer",14,mh2,Modern Horizons 2,0.04,false,NearMint,English,20240921,0.2,0.2
2,"Glory",264,dmr,Dominaria Remastered,0.13,false,NearMint,English,20240921,0.22,0.44
1,"Glowcap Lantern",187,lci,The Lost Caverns of Ixalan,0.05,false,NearMint,English,20240930,0.05,0.05
2,"Glowstone Recluse",156,iko,Ikoria: Lair of Behemoths,0.05,false,NearMint,English,20241007,0.03,0.06
1,"Glowstone Recluse",156,iko,Ikoria: Lair of Behemoths,0.1,false,NearMint,English,20241007,0.03,0.03
5,"Gnarlroot Pallbearer",184,bro,The Brothers' War,0.03,false,NearMint,English,20241006,0.02,0.1
1,"Gnoll Hunter",185,afr,Adventures in the Forgotten Realms,0.03,false,NearMint,English,20241007,0.08,0.08
1,"Gnottvold Hermit",188,mom,March of the Machine,0.02,false,NearMint,English,20241007,0.05,0.05
1,"Go-Shintai of Boundless Vigor",187,neo,Kamigawa: Neon Dynasty,0.12,false,NearMint,English,20241007,0.08,0.08
6,"Goblin Firebomb",235,bro,The Brothers' War,0.03,false,NearMint,English,20241008,0.09,0.54
1,"God-Favored General",14,bng,Born of the Gods,0.04,false,NearMint,English,20240921,0.03,0.03
1,"Gold Pan",242,otj,Outlaws of Thunder Junction,0.05,false,NearMint,English,20241009,0.03,0.03
4,"Golden-Scale Aeronaut",15,mom,March of the Machine,0.02,false,NearMint,English,20240921,0.02,0.08
1,"Golden-Tail Disciple",15,neo,Kamigawa: Neon Dynasty,0.03,false,NearMint,English,20240921,0.12,0.12
1,"Goldvein Pick",239,khm,Kaldheim,0.21,false,NearMint,English,20241009,0.17,0.17
1,"Goldwarden's Helm",13,one,Phyrexia: All Will Be One,0.02,false,NearMint,English,20240922,0.06,0.06
1,"Golem-Skin Gauntlets",259,2xm,Double Masters,0.19,false,NearMint,English,20241008,0.15,0.15
1,"Goliath Hatchery",408,one,Phyrexia: All Will Be One,0.16,false,NearMint,English,20241007,0.2,0.2
1,"Goliath Spider",168,rav,Ravnica: City of Guilds,0.35,false,NearMint,French,20241006,0.02,0.02
1,"Goreclaw, Terror of Qal Sisma",157,mul,Multiverse Legends,7.86,true,NearMint,English,20241007,3.85,3.85
1,"Goreclaw, Terror of Qal Sisma",668,j22,Jumpstart 2022,1.25,false,NearMint,English,20241007,0.98,0.98
1,"Graceful Takedown",171,woe,Wilds of Eldraine,0.05,true,NearMint,English,20241007,0.02,0.02
2,"Grafted Growth",188,neo,Kamigawa: Neon Dynasty,0.09,false,NearMint,English,20241007,0.02,0.04
1,"Grand Crescendo",16,pncc,New Capenna Commander Promos,20.97,true,NearMint,English,20240921,13.85,13.85
1,"Great Desert Prospector",7,bro,The Brothers' War,0.06,false,NearMint,English,20240921,0.04,0.04
1,"Greataxe",245,afr,Adventures in the Forgotten Realms,0.04,false,NearMint,English,20241008,0.01,0.01
4,"Greater Sandwurm",157,iko,Ikoria: Lair of Behemoths,0.02,false,NearMint,English,20241006,0.09,0.36
1,"Greater Tanuki",189,neo,Kamigawa: Neon Dynasty,0.09,false,NearMint,English,20241007,0.1,0.1
1,"Greenseeker",207,tsr,Time Spiral Remastered,0.06,false,NearMint,English,20240930,0.02,0.02
4,"Griffin Guide",19,tsr,Time Spiral Remastered,0.03,false,NearMint,English,20240922,0.02,0.08
1,"Griffin Protector",17,a25,Masters 25,0.07,false,NearMint,English,20240921,0.02,0.02
6,"Griffin Protector",18,dmu,Dominaria United,0.03,false,NearMint,English,20240921,0.02,0.12
1,"Growth Spasm",139,mic,Midnight Hunt Commander,0.2,false,NearMint,English,20241007,0.3,0.3
1,"Gruff Triplets",172,pwoe,Wilds of Eldraine Promos,1.22,true,NearMint,English,20241006,0.75,0.75
1,"Gruul Signet",256,c16,Commander 2016,0.57,false,NearMint,English,20241009,0.4,0.4
1,"Guardian Idol",467,jmp,Jumpstart,0.3,false,NearMint,English,20241009,0.27,0.27
2,"Guardian Kirin",15,mh2,Modern Horizons 2,0.03,false,NearMint,English,20240921,0.01,0.02
2,"Guardians of Akrasa",12,ala,Shards of Alara,0.05,false,NearMint,English,20240922,0.02,0.04
1,"Guiding Bolt",24,clb,Commander Legends: Battle for Baldur's Gate,0.08,false,NearMint,English,20240921,0.05,0.05
1,"Gyre Sage",140,mic,Midnight Hunt Commander,3.05,false,NearMint,English,20241007,3.0,3.0
1,"Half-Elf Monk",19,afr,Adventures in the Forgotten Realms,0.05,false,NearMint,English,20240921,0.02,0.02
3,"Halo Hopper",260,mom,March of the Machine,0.05,false,NearMint,English,20241009,0.15,0.45
2,"Hamlet Glutton",173,woe,Wilds of Eldraine,0.05,false,NearMint,English,20241006,0.05,0.1
1,"Hand of Enlightenment",11,neo,Kamigawa: Neon Dynasty,0.01,false,NearMint,English,20240921,0.06,0.06
1,"Hardbristle Bandit",168,otj,Outlaws of Thunder Junction,0.06,false,NearMint,English,20241007,0.02,0.02
1,"Hardy Outlander",235,clb,Commander Legends: Battle for Baldur's Gate,0.1,false,NearMint,English,20241007,0.02,0.02
1,"Harmonious Emergence",190,neo,Kamigawa: Neon Dynasty,0.04,false,NearMint,English,20241007,0.05,0.05
1,"Harmonize",295,ncc,New Capenna Commander,0.31,false,NearMint,English,20241007,0.24,0.24
1,"Harrow",69,znc,Zendikar Rising Commander,0.41,false,NearMint,English,20241007,0.34,0.34
1,"Harrow",174,c20,Commander 2020,0.42,false,NearMint,English,20241007,0.5,0.5
1,"Haunted Cloak",257,soi,Shadows over Innistrad,0.21,false,NearMint,English,20241009,0.38,0.38
2,"Haywire Mite",199,bro,The Brothers' War,2.75,false,NearMint,English,20241008,2.59,5.18
1,"Healer's Flock",16,mh2,Modern Horizons 2,0.02,false,NearMint,English,20240921,0.02,0.02
1,"Heart of Kiran",153,paer,Aether Revolt Promos,7.18,true,NearMint,English,20241009,2.97,2.97
1,"Hedron Crawler",164,ogw,Oath of the Gatewatch,0.17,false,NearMint,English,20241009,0.41,0.41
2,"Heir of the Ancient Fang",191,neo,Kamigawa: Neon Dynasty,0.02,false,NearMint,English,20241007,0.02,0.04
3,"Helica Glider",15,iko,Ikoria: Lair of Behemoths,0.02,false,NearMint,English,20240922,0.05,0.15
1,"Helping Hand",17,lci,The Lost Caverns of Ixalan,0.17,false,NearMint,English,20240921,0.13,0.13
1,"Herbology Instructor",189,mom,March of the Machine,0.02,false,NearMint,English,20241007,0.02,0.02
1,"Herd Migration",429,dmu,Dominaria United,0.19,true,NearMint,English,20241006,0.05,0.05
1,"Hero's Blade",186,dmc,Dominaria United Commander,0.12,false,NearMint,English,20241009,0.04,0.04
4,"Hero's Heirloom",231,dmu,Dominaria United,0.08,false,NearMint,English,20241009,0.02,0.08
1,"Heroes' Bane",175,c20,Commander 2020,0.19,false,NearMint,English,20241007,0.1,0.1
5,"Heroic Charge",20,dmu,Dominaria United,0.03,false,NearMint,English,20240921,0.02,0.1
1,"Heronblade Elite",64,mic,Midnight Hunt Commander,1.64,false,NearMint,English,20241007,2.2,2.2
4,"Hexbane Tortoise",166,dmu,Dominaria United,0.03,false,NearMint,English,20241007,0.09,0.36
5,"Hexgold Hoverwings",14,one,Phyrexia: All Will Be One,0.04,false,NearMint,English,20240921,0.02,0.1
2,"High-Rise Sawjack",150,snc,Streets of New Capenna,0.03,false,NearMint,English,20241007,0.01,0.02
1,"High-Speed Hoverbike",247,neo,Kamigawa: Neon Dynasty,0.06,false,NearMint,English,20241009,0.23,0.23
1,"Hill Giant Herdgorger",187,afr,Adventures in the Forgotten Realms,0.01,false,NearMint,English,20241007,0.19,0.19
1,"Historian's Wisdom",192,neo,Kamigawa: Neon Dynasty,0.02,false,NearMint,English,20241007,0.2,0.2
1,"Hitchclaw Recluse",181,ori,Magic Origins,0.05,false,NearMint,English,20241007,0.07,0.07
1,"Hoarding Recluse",186,bro,The Brothers' War,0.1,true,NearMint,English,20241007,0.2,0.2
7,"Hoarding Recluse",186,bro,The Brothers' War,0.04,false,NearMint,English,20241007,0.06,0.42
2,"Hobbit's Sting",471,ltr,The Lord of the Rings: Tales of Middle-earth,0.17,false,NearMint,English,20240921,0.05,0.1
2,"Hold for Ransom",16,snc,Streets of New Capenna,0.01,false,NearMint,English,20240921,0.02,0.04
4,"Honey Mammoth",158,iko,Ikoria: Lair of Behemoths,0.02,false,NearMint,English,20241007,0.02,0.08
1,"Honored Heirloom",257,vow,Innistrad: Crimson Vow,0.1,false,NearMint,English,20241009,0.02,0.02
1,"Horn of Greed",211,cn2,Conspiracy: Take the Crown,15.35,false,NearMint,English,20241009,9.0,9.0
1,"Hornbash Mentor",159,iko,Ikoria: Lair of Behemoths,0.08,false,NearMint,English,20241007,0.05,0.05
1,"Hotshot Mechanic",193,j22,Jumpstart 2022,0.15,false,NearMint,English,20240921,0.17,0.17
3,"Hour of Reckoning",87,mic,Midnight Hunt Commander,0.2,false,NearMint,English,20240921,0.25,0.75
1,"Hour of Revelation",17,znc,Zendikar Rising Commander,0.49,false,NearMint,English,20240921,0.55,0.55
1,"Howling Giant",177,m20,Core Set 2020,0.05,false,NearMint,English,20241006,0.1,0.1
2,"Howling Mine",20,brr,The Brothers' War Retro Artifacts,3.29,false,NearMint,English,20241009,1.18,2.36
1,"Huatli's Final Strike",190,lci,The Lost Caverns of Ixalan,0.04,false,NearMint,English,20241007,0.02,0.02
1,"Humble Naturalist",160,iko,Ikoria: Lair of Behemoths,0.19,true,NearMint,English,20241007,0.37,0.37
3,"Humble Naturalist",160,iko,Ikoria: Lair of Behemoths,0.03,false,NearMint,English,20241007,0.02,0.06
1,"Humble Naturalist",160,iko,Ikoria: Lair of Behemoths,0.02,false,NearMint,English,20241007,0.02,0.02
1,"Hungering Hydra",177,c20,Commander 2020,3.71,false,NearMint,English,20241006,1.0,1.0
3,"Hunter's Blowgun",255,lci,The Lost Caverns of Ixalan,0.04,false,NearMint,English,20241008,0.02,0.06
1,"Hunter's Edge",675,j22,Jumpstart 2022,0.03,false,NearMint,English,20241007,0.05,0.05
1,"Hunter's Mark",188,plst,The List,0.2,false,NearMint,English,20241007,0.0,0.0
1,"Huntmaster Liger",16,iko,Ikoria: Lair of Behemoths,0.06,false,NearMint,English,20240921,0.02,0.02
1,"Hydra's Growth",89,j22,Jumpstart 2022,1.1,false,NearMint,English,20241007,1.95,1.95
8,"Icatian Javelineers",14,ddo,Duel Decks: Elspeth vs. Kiora,0.02,false,NearMint,English,20240921,0.06,0.48
2,"Ichor Wellspring",84,brr,The Brothers' War Retro Artifacts,0.21,false,NearMint,English,20241009,0.31,0.62
3,"Ichor Wellspring",21,brr,The Brothers' War Retro Artifacts,0.21,false,NearMint,English,20241009,0.25,0.75
1,"Ichorspit Basilisk",170,one,Phyrexia: All Will Be One,0.16,true,NearMint,English,20241007,0.24,0.24
6,"Ichorspit Basilisk",170,one,Phyrexia: All Will Be One,0.07,false,NearMint,English,20241007,0.02,0.12
1,"Idol of Oblivion",368,ncc,New Capenna Commander,0.56,false,NearMint,English,20241009,0.35,0.35
1,"Idol of Oblivion",144,brc,The Brothers' War Commander,0.49,false,NearMint,English,20241009,1.87,1.87
1,"Illuminator Virtuoso",17,snc,Streets of New Capenna,0.04,false,NearMint,English,20240921,0.15,0.15
2,"Ilysian Caryatid",676,j22,Jumpstart 2022,0.1,false,NearMint,English,20241007,0.11,0.22
3,"Impeccable Timing",19,kld,Kaladesh,0.08,false,NearMint,English,20240921,0.1,0.3
1,"Imperial Moth",4,neo,Kamigawa: Neon Dynasty,0.05,false,NearMint,English,20240921,0.02,0.02
1,"Imperial Oath",17,neo,Kamigawa: Neon Dynasty,0.05,false,NearMint,English,20240921,0.15,0.15
1,"Imperial Recovery Unit",197,j22,Jumpstart 2022,0.08,false,NearMint,English,20240921,0.12,0.12
3,"Imperial Subduer",310,neo,Kamigawa: Neon Dynasty,0.03,false,NearMint,English,20240922,0.07,0.21
1,"Imperious Perfect",677,j22,Jumpstart 2022,0.28,false,NearMint,English,20241007,0.24,0.24
3,"Imposing Vantasaur",17,iko,Ikoria: Lair of Behemoths,0.04,false,NearMint,English,20240921,0.2,0.6
6,"Improvised Armor",10,dmr,Dominaria Remastered,0.04,false,NearMint,English,20240921,0.02,0.12
1,"In the Presence of Ages",192,lci,The Lost Caverns of Ixalan,0.1,false,NearMint,English,20241007,0.02,0.02
5,"Incisor Glider",15,one,Phyrexia: All Will Be One,0.01,false,NearMint,English,20240921,0.02,0.1
1,"Incubation Druid",302,moc,March of the Machine Commander,2.49,false,NearMint,English,20241007,2.49,2.49
2,"Incubation Sac",171,one,Phyrexia: All Will Be One,0.03,false,NearMint,English,20240930,0.02,0.04
5,"Indoctrination Attendant",16,one,Phyrexia: All Will Be One,0.03,false,NearMint,English,20240921,0.14,0.7
4,"Infected Defector",18,mom,March of the Machine,0.02,false,NearMint,English,20240921,0.1,0.4
1,"Infected Defector",18,mom,March of the Machine,0.04,true,NearMint,English,20240921,0.02,0.02
4,"Infectious Bite",172,one,Phyrexia: All Will Be One,0.17,false,NearMint,English,20241007,0.13,0.52
3,"Infested Fleshcutter",17,one,Phyrexia: All Will Be One,0.05,false,NearMint,English,20240921,0.05,0.15
3,"Ingenious Leonin",5,j22,Jumpstart 2022,0.05,false,NearMint,English,20240921,0.02,0.06
1,"Inscribed Tablet",232,dmu,Dominaria United,0.12,true,NearMint,English,20241008,0.17,0.17
1,"Inscribed Tablet",232,dmu,Dominaria United,0.03,false,NearMint,English,20241008,0.02,0.02
3,"Inspired Charge",19,mom,March of the Machine,0.03,false,NearMint,English,20240921,0.1,0.3
1,"Inspiring Call",304,moc,March of the Machine Commander,0.41,false,NearMint,English,20241007,0.35,0.35
1,"Inspiring Call",304,moc,March of the Machine Commander,0.38,false,NearMint,English,20241007,0.35,0.35
4,"Inspiring Overseer",18,snc,Streets of New Capenna,0.19,false,NearMint,English,20240922,0.24,0.96
1,"Intangible Virtue",67,c19,Commander 2019,0.09,false,NearMint,English,20240921,0.15,0.15
1,"Intangible Virtue",6,wot,Wilds of Eldraine: Enchanting Tales,0.14,false,NearMint,English,20240921,0.16,0.16
2,"Intercessor's Arrest",20,neo,Kamigawa: Neon Dynasty,0.02,false,NearMint,English,20240922,0.17,0.34
1,"Intrepid Stablemaster",169,otj,Outlaws of Thunder Junction,0.06,false,NearMint,English,20241007,0.04,0.04
3,"Invasion of Belenon",20,mom,March of the Machine,0.03,false,NearMint,English,20240922,0.02,0.06
4,"Invasion of Dominaria",21,mom,March of the Machine,0.06,false,NearMint,English,20240922,0.17,0.68
1,"Invasion of Ixalan",191,mom,March of the Machine,0.65,false,NearMint,English,20241007,0.32,0.32
1,"Invasion of Muraganda",192,mom,March of the Machine,0.01,false,NearMint,English,20241007,0.02,0.02
1,"Invasion of Shandalar",193,pmom,March of the Machine Promos,3.7,true,NearMint,English,20241007,3.75,3.75
3,"Invasion of Zendikar",194,mom,March of the Machine,0.44,false,NearMint,English,20241007,0.27,0.81
3,"Invigorating Boon",342,dmr,Dominaria Remastered,0.2,false,NearMint,English,20241007,0.2,0.6
4,"Iridescent Blademaster",195,mom,March of the Machine,0.02,false,NearMint,English,20241007,0.02,0.08
1,"Iron Apprentice",248,neo,Kamigawa: Neon Dynasty,0.07,false,NearMint,English,20241008,0.07,0.07
1,"Ironpaw Aspirant",18,lci,The Lost Caverns of Ixalan,0.02,false,NearMint,English,20240921,0.02,0.02
1,"Ivory Giant",20,tsr,Time Spiral Remastered,0.02,false,NearMint,English,20240921,0.05,0.05
2,"Ivory Tower",23,brr,The Brothers' War Retro Artifacts,0.12,false,NearMint,English,20241008,0.24,0.48
1,"Ivy Elemental",161,iko,Ikoria: Lair of Behemoths,0.07,false,NearMint,English,20241006,0.15,0.15
1,"Ivy Lane Denizen",680,j22,Jumpstart 2022,0.13,false,NearMint,English,20241007,0.15,0.15
1,"Jade Avenger",167,mh2,Modern Horizons 2,0.04,false,NearMint,English,20241007,0.02,0.02
1,"Jade Seedstones",195,lci,The Lost Caverns of Ixalan,0.05,false,NearMint,English,20241007,0.02,0.02
1,"Jadeheart Attendant",195,lci,The Lost Caverns of Ixalan,0.05,false,NearMint,English,20241007,0.02,0.02
1,"Jaheira's Respite",238,pclb,Battle for Baldur's Gate Promos,1.86,true,NearMint,English,20241007,1.5,1.5
3,"Jawbone Duelist",18,one,Phyrexia: All Will Be One,0.11,false,NearMint,English,20240921,0.04,0.12
1,"Jhoira's Timebug",269,tsr,Time Spiral Remastered,0.06,false,NearMint,English,20241009,0.12,0.12
3,"Join Forces",21,dmu,Dominaria United,0.02,false,NearMint,English,20240922,0.02,0.06
2,"Jolrael, Mwonvuli Recluse",165,dmr,Dominaria Remastered,0.2,false,NearMint,English,20241007,0.19,0.38
1,"Jukai Preserver",195,neo,Kamigawa: Neon Dynasty,0.01,false,NearMint,English,20241007,0.03,0.03
1,"Jukai Trainee",196,neo,Kamigawa: Neon Dynasty,0.02,false,NearMint,English,20241007,0.02,0.02
1,"Jukai Trainee",326,neo,Kamigawa: Neon Dynasty,0.06,false,NearMint,English,20241007,0.1,0.1
4,"Juniper Order Rootweaver",22,dmu,Dominaria United,0.04,false,NearMint,English,20240921,0.09,0.36
1,"Kami of Ancient Law",203,j22,Jumpstart 2022,0.03,false,NearMint,English,20240921,0.02,0.02
1,"Kami of Transience",197,pneo,Kamigawa: Neon Dynasty Promos,1.25,true,NearMint,English,20241007,1.25,1.25
1,"Kami of Whispered Hopes",196,mom,March of the Machine,0.88,false,NearMint,English,20241007,0.97,0.97
2,"Kami of Whispered Hopes",196,mom,March of the Machine,2.59,false,NearMint,English,20241007,0.97,1.94
1,"Kashi-Tribe Elite",135,sok,Saviors of Kamigawa,0.43,false,NearMint,English,20241008,0.14,0.14
10,"Kavu Primarch",167,dmr,Dominaria Remastered,0.05,false,NearMint,English,20241007,0.01,0.1
1,"Kayla's Reconstruction",10,pbro,The Brothers' War Promos,0.52,true,NearMint,English,20240921,1.0,1.0
1,"Keensight Mentor",18,iko,Ikoria: Lair of Behemoths,0.05,false,NearMint,English,20240921,0.02,0.02
1,"Keeper of Fables",407,jmp,Jumpstart,0.24,false,NearMint,English,20241007,0.18,0.18
2,"Kellan's Lightblades",18,woe,Wilds of Eldraine,0.02,false,NearMint,English,20240921,0.02,0.04
1,"Kemba, Kha Regent",34,cmm,Commander Masters,0.12,false,NearMint,English,20240921,0.1,0.1
1,"Kenrith's Transformation",162,plst,The List,0.0,false,NearMint,English,20241007,0.0,0.0
1,"Kessig Cagebreakers",681,j22,Jumpstart 2022,0.13,false,NearMint,English,20241007,0.35,0.35
2,"Khalni Heart Expedition",1249,mb1,Mystery Booster,0.19,false,NearMint,English,20241007,0.15,0.3
1,"Killer Service",174,mkc,Murders at Karlov Manor Commander,0.19,false,NearMint,English,20241007,0.24,0.24
3,"King of the Pride",57,j22,Jumpstart 2022,0.18,false,NearMint,English,20240922,0.15,0.45
4,"Kitesail",261,mom,March of the Machine,0.02,false,NearMint,English,20241009,0.02,0.08
1,"Kitesail Apprentice",12,gn3,Game Night: Free-for-All,0.08,false,NearMint,English,20240921,0.01,0.01
3,"Kithkin Billyrider",24,mom,March of the Machine,0.02,false,NearMint,English,20240922,0.05,0.15
10,"Kjeldoran Gargoyle",11,dmr,Dominaria Remastered,0.05,false,NearMint,English,20240921,0.02,0.2
1,"Kjeldoran Gargoyle",11,dmr,Dominaria Remastered,0.01,true,NearMint,English,20240921,0.1,0.1
5,"Knight of Dawn's Light",23,dmu,Dominaria United,0.06,false,NearMint,English,20240921,0.02,0.1
1,"Knight of Doves",19,woe,Wilds of Eldraine,0.03,false,NearMint,English,20240921,0.02,0.02
1,"Knight of Sursi",22,tsr,Time Spiral Remastered,0.03,false,NearMint,English,20240921,0.02,0.02
3,"Knight of the New Coalition",25,mom,March of the Machine,0.03,false,NearMint,English,20240921,0.02,0.06
3,"Knighted Myr",36,cmm,Commander Masters,0.05,false,NearMint,English,20240922,0.12,0.36
1,"Knightly Valor",8,wot,Wilds of Eldraine: Enchanting Tales,0.04,false,NearMint,English,20240921,0.02,0.02
1,"Kodama's Reach",300,cmm,Commander Masters,1.24,false,NearMint,English,20241007,1.15,1.15
1,"Kor Cartographer",377,cmr,Commander Legends,0.06,false,NearMint,English,20240921,0.02,0.02
4,"Kor Halberd",27,mom,March of the Machine,0.02,false,NearMint,English,20240921,0.05,0.2
2,"Kraul Harpooner",683,j22,Jumpstart 2022,0.2,false,NearMint,English,20241007,0.2,0.4
1,"Krosan Grip",152,mma,Modern Masters,0.76,false,NearMint,English,20241007,0.74,0.74
1,"Krosan Grip",214,tsr,Time Spiral Remastered,0.75,false,NearMint,English,20241007,0.28,0.28
2,"Krosan Restorer",130,tor,Torment,0.25,false,NearMint,English,20241007,0.14,0.28
3,"Krosan Restorer",168,dmr,Dominaria Remastered,0.04,false,NearMint,English,20241007,0.12,0.36
1,"Kurbis, Harvest Celebrant",65,mic,Midnight Hunt Commander,2.84,false,NearMint,English,20241006,1.0,1.0
2,"Kwende, Pride of Femeref",5,mul,Multiverse Legends,0.02,false,NearMint,English,20240921,0.04,0.08
2,"Landroval, Horizon Witness",472,ltr,The Lord of the Rings: Tales of Middle-earth,0.1,false,NearMint,English,20240921,0.2,0.4
2,"Landscaper Colos",18,mh2,Modern Horizons 2,0.03,false,NearMint,English,20240921,0.02,0.04
2,"Lassoed by the Law",18,otj,Outlaws of Thunder Junction,0.03,false,NearMint,English,20240921,0.04,0.08
2,"Late to Dinner",19,mh2,Modern Horizons 2,0.06,false,NearMint,English,20240921,0.15,0.3
1,"Lattice-Blade Mantis",173,one,Phyrexia: All Will Be One,0.03,true,NearMint,English,20241007,0.15,0.15
4,"Lattice-Blade Mantis",173,one,Phyrexia: All Will Be One,0.01,false,NearMint,English,20241007,0.02,0.08
5,"Lay Down Arms",11,bro,The Brothers' War,0.14,false,NearMint,English,20240921,0.19,0.95
1,"Lead the Stampede",163,iko,Ikoria: Lair of Behemoths,0.15,false,NearMint,English,20241007,0.15,0.15
1,"Leaf-Crowned Visionary",167,pdmu,Dominaria United Promos,3.58,false,NearMint,English,20241007,3.16,3.16
1,"Leafkin Druid",299,ncc,New Capenna Commander,0.25,false,NearMint,English,20241007,0.12,0.12
1,"Leaping Ambush",177,woe,Wilds of Eldraine,0.05,true,NearMint,English,20240930,0.06,0.06
2,"Leather Armor",248,afr,Adventures in the Forgotten Realms,0.07,false,NearMint,English,20241008,0.02,0.04
2,"Lembas",243,ltr,The Lord of the Rings: Tales of Middle-earth,0.28,false,NearMint,English,20241009,0.32,0.64
1,"Lens Flare",20,mh2,Modern Horizons 2,0.02,false,NearMint,English,20240921,0.02,0.02
1,"Leonin Arbiter",64,c17,Commander 2017,0.51,false,NearMint,English,20240921,0.4,0.4
2,"Leonin Lightbringer",20,one,Phyrexia: All Will Be One,0.03,false,NearMint,English,20240922,0.13,0.26
1,"Leonin Relic-Warder",10,mbs,Mirrodin Besieged,0.34,false,NearMint,English,20240921,0.45,0.45
2,"Leonin Scimitar",782,j22,Jumpstart 2022,0.04,false,NearMint,English,20241008,0.05,0.1
3,"Leonin Snarecaster",207,j22,Jumpstart 2022,0.03,false,NearMint,English,20240921,0.02,0.06
1,"Leonin Warleader",23,pm19,Core Set 2019 Promos,8.84,false,NearMint,English,20240921,3.95,3.95
5,"Levitating Statue",236,bro,The Brothers' War,0.08,false,NearMint,English,20241009,0.15,0.75
1,"Levitating Statue",236,bro,The Brothers' War,0.12,true,NearMint,English,20241009,0.03,0.03
1,"Leyline Surge",193,pmom,March of the Machine Promos,3.7,true,NearMint,English,20241007,3.75,3.75
1,"Life's Legacy",300,ncc,New Capenna Commander,3.49,false,NearMint,English,20241007,3.0,3.0
3,"Light of Hope",209,j22,Jumpstart 2022,0.09,false,NearMint,English,20240921,0.25,0.75
1,"Light the Way",24,neo,Kamigawa: Neon Dynasty,0.03,false,NearMint,English,20240921,0.02,0.02
3,"Likeness of the Seeker",172,neo,Kamigawa: Neon Dynasty,0.26,false,NearMint,English,20241007,0.12,0.36
1,"Linebreaker Baloth",168,dmu,Dominaria United,0.07,true,NearMint,English,20241007,0.2,0.2
2,"Linebreaker Baloth",168,dmu,Dominaria United,0.02,false,NearMint,English,20241007,0.04,0.08
1,"Liquimetal Coating",91,brr,The Brothers' War Retro Artifacts,0.13,false,NearMint,English,20241009,0.1,0.1
1,"Liquimetal Coating",246,c14,Commander 2014,0.32,false,NearMint,English,20241009,0.38,0.38
3,"Liquimetal Coating",28,brr,The Brothers' War Retro Artifacts,0.11,false,NearMint,English,20241009,0.19,0.57
1,"Liquimetal Torque",228,mh2,Modern Horizons 2,1.49,false,NearMint,English,20241009,0.52,0.52
1,"Llanowar Elves",1262,mb1,Mystery Booster,0.4,false,NearMint,English,20240930,0.09,0.09
1,"Llanowar Loamspeaker",428,dmu,Dominaria United,0.16,true,NearMint,English,20241007,0.05,0.05
2,"Llanowar Stalker",171,dmu,Dominaria United,0.05,false,NearMint,English,20240930,0.25,0.5
1,"Llanowar Stalker",171,dmu,Dominaria United,0.05,false,NearMint,English,20241007,0.25,0.25
1,"Long List of the Ents",174,ltr,The Lord of the Rings: Tales of Middle-earth,0.03,false,NearMint,English,20240930,0.04,0.04
4,"Loran's Escape",14,bro,The Brothers' War,0.35,false,NearMint,English,20240921,0.68,2.72
2,"Loran, Disciple of History",13,bro,The Brothers' War,0.06,false,NearMint,English,20240921,0.04,0.08
1,"Loran, Disciple of History",13,bro,The Brothers' War,0.15,true,NearMint,English,20240921,0.02,0.02
2,"Lost to Legend",22,ltr,The Lord of the Rings: Tales of Middle-earth,0.03,false,NearMint,English,20240921,0.07,0.14
1,"Lothlórien Lookout",175,ltr,The Lord of the Rings: Tales of Middle-earth,0.02,false,NearMint,English,20241007,0.03,0.03
1,"Lotus Cobra",229,blc,Bloomburrow Commander,2.94,false,NearMint,English,20241007,3.22,3.22
2,"Love Song of Night and Day",827,cmm,Commander Masters,0.03,false,NearMint,English,20240922,0.18,0.36
1,"Loxodon Eavesdropper",168,mkm,Murders at Karlov Manor,0.03,false,NearMint,English,20241007,0.05,0.05
4,"Lucky Clover",226,eld,Throne of Eldraine,0.18,false,NearMint,English,20241009,0.14,0.56
8,"Lull",169,dmr,Dominaria Remastered,0.29,false,NearMint,English,20241007,0.1,0.8
1,"Lurking Roper",194,afr,Adventures in the Forgotten Realms,0.1,false,NearMint,English,20241007,0.49,0.49
1,"Lymph Sliver",25,tsr,Time Spiral Remastered,0.15,false,NearMint,English,20240921,0.27,0.27
1,"Magnigoth Sentry",172,dmu,Dominaria United,0.02,false,NearMint,English,20241007,0.05,0.05
1,"Majestic Auricorn",281,iko,Ikoria: Lair of Behemoths,0.11,false,NearMint,English,20240921,0.25,0.25
2,"Majestic Auricorn",22,iko,Ikoria: Lair of Behemoths,0.07,false,NearMint,English,20240921,0.02,0.04
3,"Make a Stand",211,j22,Jumpstart 2022,0.11,false,NearMint,English,20240922,0.25,0.75
1,"Malady Invoker",189,mom,March of the Machine,0.02,false,NearMint,English,20241007,0.02,0.02
1,"Malamet War Scribe",21,lci,The Lost Caverns of Ixalan,0.03,false,NearMint,English,20240921,0.02,0.02
1,"Mana Tithe",171,mb1,Mystery Booster,0.43,false,NearMint,English,20240921,0.25,0.25
7,"Mandible Justiciar",21,one,Phyrexia: All Will Be One,0.03,false,NearMint,English,20240921,0.1,0.7
4,"Maned Serval",23,iko,Ikoria: Lair of Behemoths,0.03,false,NearMint,English,20240921,0.05,0.2
2,"Many Partings",445,ltr,The Lord of the Rings: Tales of Middle-earth,0.05,false,NearMint,English,20240930,0.07,0.14
2,"Many Partings",176,ltr,The Lord of the Rings: Tales of Middle-earth,0.11,false,NearMint,English,20240930,0.17,0.34
1,"Map the Frontier",170,otj,Outlaws of Thunder Junction,0.12,false,NearMint,English,20241007,0.23,0.23
1,"Marauder's Axe",231,m20,Core Set 2020,0.04,false,NearMint,English,20241008,0.02,0.02
2,"Marble Gargoyle",21,mh2,Modern Horizons 2,0.02,false,NearMint,English,20240922,0.02,0.04
1,"Market Gnome",22,lci,The Lost Caverns of Ixalan,0.07,false,NearMint,English,20240921,0.05,0.05
1,"Martial Coup",79,onc,Phyrexia: All Will Be One Commander,0.11,false,NearMint,English,20240921,0.68,0.68
1,"Martyr's Soul",212,j22,Jumpstart 2022,0.18,false,NearMint,English,20240921,0.05,0.05
1,"Mask of Avacyn",229,isd,Innistrad,0.49,false,NearMint,English,20241008,0.35,0.35
3,"Mask of the Jadecrafter",201,bro,The Brothers' War,0.03,false,NearMint,English,20241008,0.06,0.18
1,"Masked Admirers",206,c14,Commander 2014,0.14,false,NearMint,English,20241007,0.2,0.2
3,"Mass Production",15,bro,The Brothers' War,0.06,false,NearMint,English,20240921,0.02,0.06
1,"Master Chef",241,clb,Commander Legends: Battle for Baldur's Gate,0.05,false,NearMint,English,20241007,0.1,0.1
1,"Master of Ceremonies",119,ncc,New Capenna Commander,9.46,false,NearMint,English,20240921,5.0,5.0
1,"Master's Rebuke",689,j22,Jumpstart 2022,0.2,false,NearMint,English,20241007,0.25,0.25
1,"Master's Rebuke",202,plst,The List,0.0,false,NearMint,English,20241007,0.0,0.0
1,"Mausoleum Guard",213,j22,Jumpstart 2022,0.01,false,NearMint,English,20240921,0.03,0.03
5,"Maze Skullbomb",231,one,Phyrexia: All Will Be One,0.04,false,NearMint,English,20241008,0.09,0.45
2,"Maze's Mantle",174,one,Phyrexia: All Will Be One,0.04,false,NearMint,English,20241007,0.02,0.04
1,"Mazemind Tome",30,brr,The Brothers' War Retro Artifacts,0.17,false,NearMint,English,20241008,0.25,0.25
1,"Meriadoc Brandybuck",177,ltr,The Lord of the Rings: Tales of Middle-earth,0.04,false,NearMint,English,20241007,0.5,0.5
2,"Mesa Cavalier",26,dmu,Dominaria United,0.04,false,NearMint,English,20240921,0.02,0.04
3,"Mesa Enchantress",267,dmr,Dominaria Remastered,0.35,false,NearMint,English,20240922,0.49,1.47
1,"Mesa Lynx",214,j22,Jumpstart 2022,0.04,false,NearMint,English,20240921,0.02,0.02
3,"Meticulous Excavation",16,bro,The Brothers' War,0.04,false,NearMint,English,20240921,0.17,0.51
1,"Michiko's Reign of Truth",29,neo,Kamigawa: Neon Dynasty,0.12,false,NearMint,English,20240921,0.15,0.15
1,"Might of the Masses",196,roe,Rise of the Eldrazi,0.07,false,NearMint,English,20240930,0.02,0.02
1,"Might of the Masses",690,j22,Jumpstart 2022,0.08,false,NearMint,English,20240930,0.02,0.02
1,"Might of the Old Ways",189,dbl,Innistrad: Double Feature,0.02,false,NearMint,English,20241007,0.02,0.02
3,"Migration Path",164,iko,Ikoria: Lair of Behemoths,0.35,false,NearMint,English,20241007,0.29,0.87
1,"Migratory Greathorn",165,iko,Ikoria: Lair of Behemoths,0.1,false,NearMint,English,20241007,0.08,0.08
1,"Migratory Greathorn",297,iko,Ikoria: Lair of Behemoths,0.07,false,NearMint,English,20241007,0.05,0.05
1,"Mikaeus, the Lunarch",419,2x2,Double Masters 2022,3.39,true,NearMint,English,20240921,2.5,2.5
8,"Military Discipline",17,bro,The Brothers' War,0.05,false,NearMint,English,20240921,0.1,0.8
3,"Millikin",231,dmr,Dominaria Remastered,0.16,false,NearMint,English,20241008,0.13,0.39
3,"Millstone",32,brr,The Brothers' War Retro Artifacts,0.12,false,NearMint,English,20241008,0.15,0.45
1,"Millstone",95,brr,The Brothers' War Retro Artifacts,0.11,false,NearMint,English,20241008,0.12,0.12
1,"Mind Stone",148,brc,The Brothers' War Commander,0.18,false,NearMint,English,20241008,0.3,0.3
1,"Mind Stone",232,dmr,Dominaria Remastered,0.18,false,NearMint,English,20241008,0.1,0.1
6,"Mine Worker",239,bro,The Brothers' War,0.06,false,NearMint,English,20241008,0.02,0.12
1,"Minimus Containment",24,afr,Adventures in the Forgotten Realms,0.04,false,NearMint,English,20240921,0.25,0.25
1,"Mirkwood Spider",178,ltr,The Lord of the Rings: Tales of Middle-earth,0.07,false,NearMint,English,20240930,0.02,0.02
1,"Mirkwood Spider",178,ltr,The Lord of the Rings: Tales of Middle-earth,0.21,true,NearMint,English,20240930,0.13,0.13
5,"Mirran Bardiche",22,one,Phyrexia: All Will Be One,0.02,false,NearMint,English,20240921,0.12,0.6
2,"Mirror of Galadriel",244,ltr,The Lord of the Rings: Tales of Middle-earth,0.04,false,NearMint,English,20241008,0.03,0.06
1,"Mischievous Pup",25,lci,The Lost Caverns of Ixalan,0.02,false,NearMint,English,20240921,0.06,0.06
4,"Mishra's Research Desk",162,bro,The Brothers' War,0.11,false,NearMint,English,20241008,0.02,0.08
13,"Momentary Blink",268,dmr,Dominaria Remastered,0.07,false,NearMint,English,20240921,0.02,0.26
1,"Momentary Blink",29,tsp,Time Spiral,2.8,true,NearMint,English,20240921,1.04,1.04
2,"Monoskelion",229,mh2,Modern Horizons 2,0.04,false,NearMint,English,20241008,0.05,0.1
2,"Monstrous Step",166,iko,Ikoria: Lair of Behemoths,0.04,false,NearMint,English,20241007,0.02,0.04
1,"Moonlight Geist",29,avr,Avacyn Restored,0.1,false,NearMint,Portuguese,20240921,0.03,0.03
1,"Moonsilver Key",255,mid,Innistrad: Midnight Hunt,0.75,false,NearMint,English,20241008,0.29,0.29
1,"Moorland Rescuer",7,mic,Midnight Hunt Commander,0.17,false,NearMint,English,20240921,0.25,0.25
3,"Mossbeard Ancient",173,dmu,Dominaria United,0.06,false,NearMint,English,20241006,0.05,0.15
1,"Mosscoat Goriak",167,iko,Ikoria: Lair of Behemoths,0.02,false,NearMint,English,20241007,0.01,0.01
2,"Mothrider Patrol",30,neo,Kamigawa: Neon Dynasty,0.02,false,NearMint,English,20240921,0.49,0.98
1,"Multani, Yavimaya's Avatar",174,pdom,Dominaria Promos,4.59,true,NearMint,English,20241007,4.06,4.06
2,"Museum Nightwatch",25,mkm,Murders at Karlov Manor,0.02,false,NearMint,English,20240921,0.05,0.1
2,"Mushroom Watchdogs",180,ltr,The Lord of the Rings: Tales of Middle-earth,0.02,false,NearMint,English,20241007,0.15,0.3
1,"Mwonvuli Beast Tracker",177,m13,Magic 2013,0.15,false,NearMint,English,20241007,0.2,0.2
1,"Mycosynth Wellspring",150,brc,The Brothers' War Commander,0.09,false,NearMint,English,20241008,0.15,0.15
3,"Myr Convert",234,one,Phyrexia: All Will Be One,0.1,false,NearMint,English,20241008,0.13,0.39
1,"Myr Convert",297,one,Phyrexia: All Will Be One,0.07,false,NearMint,English,20241008,0.2,0.2
1,"Myr Convert",297,one,Phyrexia: All Will Be One,0.12,true,NearMint,English,20241008,0.2,0.2
4,"Mysterious Egg",3,iko,Ikoria: Lair of Behemoths,0.04,false,NearMint,English,20241008,0.25,1.0
1,"Mysterious Egg",385,iko,Ikoria: Lair of Behemoths,0.0,false,NearMint,Japanese,20241008,0.25,0.25
2,"Mysterious Limousine",22,psnc,Streets of New Capenna Promos,0.25,false,NearMint,English,20240921,0.09,0.18
6,"Mystic Zealot",16,dmr,Dominaria Remastered,0.02,false,NearMint,English,20240921,0.02,0.12
1,"Mystical Tether",19,otj,Outlaws of Thunder Junction,0.02,false,NearMint,English,20240921,0.02,0.02
1,"Mythos of Snapdax",317,iko,Ikoria: Lair of Behemoths,0.85,false,NearMint,English,20240921,1.44,1.44
1,"Natural Connection",1273,mb1,Mystery Booster,0.02,false,NearMint,English,20241007,0.02,0.02
1,"Nature's Claim",108,wwk,Worldwake,0.93,false,NearMint,English,20240930,0.78,0.78
4,"Nature's Lore",170,dmr,Dominaria Remastered,2.0,false,NearMint,English,20241007,1.62,6.48
1,"Nessian Hornbeetle",695,j22,Jumpstart 2022,0.18,false,NearMint,English,20241007,0.18,0.18
1,"Neverwinter Dryad",329,afr,Adventures in the Forgotten Realms,0.03,false,NearMint,English,20240930,0.02,0.02
1,"Nihil Spellbomb",152,brc,The Brothers' War Commander,4.25,false,NearMint,English,20241008,3.0,3.0
1,"Nimble Hobbit",23,ltr,The Lord of the Rings: Tales of Middle-earth,0.03,false,NearMint,English,20240921,0.03,0.03
1,"Ninja's Kunai",252,neo,Kamigawa: Neon Dynasty,0.03,false,NearMint,English,20241008,0.5,0.5
1,"Ninja's Kunai",252,neo,Kamigawa: Neon Dynasty,0.08,true,NearMint,English,20241008,0.02,0.02
2,"Nishoba Brawler",174,dmu,Dominaria United,0.19,false,NearMint,English,20241007,0.15,0.3
1,"Nissa's Renewal",180,pbfz,Battle for Zendikar Promos,2.49,true,NearMint,English,20241007,1.0,1.0
1,"Noble's Purse",331,clb,Commander Legends: Battle for Baldur's Gate,0.16,true,NearMint,English,20241009,0.15,0.15
8,"Nomad Decoy",17,dmr,Dominaria Remastered,0.02,false,NearMint,English,20240922,0.01,0.08
1,"Norika Yamazaki, the Poet",31,neo,Kamigawa: Neon Dynasty,0.05,false,NearMint,English,20240921,0.16,0.16
3,"Norn's Inquisitor",381,mom,March of the Machine,0.26,false,NearMint,English,20240921,0.05,0.15
1,"Norn's Wellspring",24,one,Phyrexia: All Will Be One,0.1,false,NearMint,English,20240921,0.1,0.1
1,"Not on My Watch",28,mkm,Murders at Karlov Manor,0.09,false,NearMint,English,20240921,0.28,0.28
1,"Now for Wrath, Now for Ruin!",24,ltr,The Lord of the Rings: Tales of Middle-earth,0.02,false,NearMint,English,20240921,0.13,0.13
5,"Noxious Assault",176,one,Phyrexia: All Will Be One,0.06,false,NearMint,English,20241007,0.14,0.7
1,"Nurturing Bristleback",203,lci,The Lost Caverns of Ixalan,0.04,false,NearMint,English,20241006,0.02,0.02
2,"Nurturing Pixie",20,otj,Outlaws of Thunder Junction,0.1,false,NearMint,English,20240921,0.08,0.16
1,"Nykthos Paragon",22,mh2,Modern Horizons 2,0.42,false,NearMint,English,20240921,0.35,0.35
1,"Oblivion Ring",28,ddi,Duel Decks: Venser vs. Koth,0.28,false,NearMint,English,20240921,0.1,0.1
1,"Obsidian Obelisk",18,dmc,Dominaria United Commander,0.2,false,NearMint,English,20241009,0.15,0.15
3,"Obstinate Baloth",187,bro,The Brothers' War,0.12,false,NearMint,English,20241007,0.12,0.36
1,"Odric, Master Tactician",96,c20,Commander 2020,0.25,false,NearMint,English,20240921,0.21,0.21
5,"Oil-Gorger Troll",177,one,Phyrexia: All Will Be One,0.03,false,NearMint,English,20241007,0.02,0.1
1,"Oltec Archaeologists",27,lci,The Lost Caverns of Ixalan,0.03,false,NearMint,English,20240921,0.09,0.09
2,"Oltec Cloud Guard",28,lci,The Lost Caverns of Ixalan,0.02,false,NearMint,English,20240921,0.09,0.18
2,"Orchard Strider",169,mh2,Modern Horizons 2,0.01,false,NearMint,English,20241007,0.25,0.5
1,"Orim's Thunder",5,hop,Planechase,0.2,false,NearMint,English,20240921,0.15,0.15
9,"Orim's Thunder",18,dmr,Dominaria Remastered,0.03,false,NearMint,English,20240922,0.02,0.18
4,"Ornithopter",233,dmr,Dominaria Remastered,0.19,false,NearMint,English,20241008,0.13,0.52
2,"Ornithopter",37,brr,The Brothers' War Retro Artifacts,0.11,false,NearMint,English,20241008,0.15,0.3
1,"Ornithopter of Paradise",232,mh2,Modern Horizons 2,0.49,false,NearMint,English,20241009,0.17,0.17
1,"Ornithopter of Paradise",430,mh2,Modern Horizons 2,0.36,false,NearMint,English,20241009,0.22,0.22
7,"Orthodoxy Enforcer",25,one,Phyrexia: All Will Be One,0.02,false,NearMint,English,20240921,0.02,0.14
1,"Orzhov Advokist",207,ncc,New Capenna Commander,0.06,false,NearMint,English,20240921,0.09,0.09
1,"Orzhov Advokist",3,c16,Commander 2016,0.17,false,NearMint,English,20240921,0.04,0.04
1,"Orzhov Signet",213,c18,Commander 2018,0.46,false,NearMint,English,20241009,0.27,0.27
3,"Ossification",277,one,Phyrexia: All Will Be One,0.46,false,NearMint,English,20240921,0.48,1.44
1,"Ossification",277,one,Phyrexia: All Will Be One,1.61,true,NearMint,English,20240921,0.5,0.5
1,"Oteclan Landmark",29,lci,The Lost Caverns of Ixalan,0.03,false,NearMint,English,20240921,0.02,0.02
1,"Oteclan Levitator",29,lci,The Lost Caverns of Ixalan,0.03,false,NearMint,English,20240921,0.02,0.02
1,"Outlaw Medic",23,otj,Outlaws of Thunder Junction,0.07,false,NearMint,English,20240921,0.12,0.12
2,"Overgrown Pest",197,mom,March of the Machine,0.02,false,NearMint,English,20241007,0.02,0.04
1,"Overrun",189,cn2,Conspiracy: Take the Crown,0.31,false,NearMint,English,20241007,0.18,0.18
1,"Overwhelming Encounter",245,plst,The List,0.6,false,NearMint,English,20241007,0.0,0.0
1,"Ozolith, the Shattered Spire",198,pmom,March of the Machine Promos,4.84,false,NearMint,English,20241007,3.99,3.99
1,"Pacifism",15,ps11,Salvat 2011,0.0,false,NearMint,English,20240921,0.1,0.1
8,"Pacifism",19,dmr,Dominaria Remastered,0.05,false,NearMint,English,20240921,0.02,0.16
3,"Pacifism",25,iko,Ikoria: Lair of Behemoths,0.08,false,NearMint,English,20240921,0.02,0.06
4,"Paladin of Predation",178,one,Phyrexia: All Will Be One,0.05,false,NearMint,English,20241006,0.03,0.12
1,"Paladin's Shield",30,afr,Adventures in the Forgotten Realms,0.03,false,NearMint,English,20240921,0.02,0.02
1,"Papercraft Decoy",253,neo,Kamigawa: Neon Dynasty,0.02,false,NearMint,English,20241009,0.1,0.1
3,"Patagia Tiger",26,iko,Ikoria: Lair of Behemoths,0.02,false,NearMint,English,20240921,0.1,0.3
1,"Path of Discovery",142,prix,Rivals of Ixalan Promos,3.08,true,NearMint,English,20241007,2.7,2.7
1,"Path to Exile",29,scd,Starter Commander Decks,0.71,false,NearMint,English,20240921,0.02,0.02
1,"Pathfinding Axejaw",206,lci,The Lost Caverns of Ixalan,0.05,false,NearMint,English,20241007,0.09,0.09
1,"Patient Naturalist",174,otj,Outlaws of Thunder Junction,0.02,false,NearMint,English,20241007,0.02,0.02
7,"Penumbra Bobcat",172,dmr,Dominaria Remastered,0.21,false,NearMint,English,20241007,0.21,1.47
1,"Peregrin Took",181,ltr,The Lord of the Rings: Tales of Middle-earth,0.08,false,NearMint,English,20241007,0.12,0.12
7,"Perimeter Patrol",188,bro,The Brothers' War,0.02,false,NearMint,English,20241007,0.02,0.14
3,"Perimeter Sergeant",27,iko,Ikoria: Lair of Behemoths,0.03,false,NearMint,English,20240922,0.02,0.06
2,"Petrify",30,lci,The Lost Caverns of Ixalan,0.05,false,NearMint,English,20240921,0.04,0.08
13,"Phalanx Vanguard",19,bro,The Brothers' War,0.02,false,NearMint,English,20240921,0.03,0.39
1,"Phalanx Vanguard",19,bro,The Brothers' War,0.05,true,NearMint,English,20240921,0.02,0.02
9,"Phantom Flock",39,psal,Salvat 2005,0.0,false,NearMint,English,20240921,0.02,0.18
3,"Phyrexian Awakening",30,mom,March of the Machine,0.11,false,NearMint,English,20240922,0.12,0.36
2,"Phyrexian Censor",31,mom,March of the Machine,0.18,false,NearMint,English,20240922,0.15,0.3
1,"Phyrexian Missionary",27,dmu,Dominaria United,0.05,false,NearMint,English,20240921,0.02,0.02
1,"Phyrexian Revoker",103,brr,The Brothers' War Retro Artifacts,0.28,false,NearMint,English,20241009,0.5,0.5
2,"Piercing Rays",24,mh2,Modern Horizons 2,0.02,false,NearMint,English,20240921,0.02,0.04
3,"Pilgrim of the Ages",22,stx,Strixhaven: School of Mages,0.04,false,NearMint,English,20240922,0.03,0.09
2,"Pillarfield Ox",31,zen,Zendikar,0.06,false,NearMint,English,20240921,0.01,0.02
2,"Pippin's Bravery",182,ltr,The Lord of the Rings: Tales of Middle-earth,0.02,false,NearMint,English,20240930,0.02,0.04
2,"Pippin's Bravery",414,ltr,The Lord of the Rings: Tales of Middle-earth,0.03,false,NearMint,English,20240930,0.02,0.04
3,"Placid Rottentail",199,mom,March of the Machine,0.04,false,NearMint,English,20240930,0.2,0.6
6,"Plague Nurse",179,one,Phyrexia: All Will Be One,0.03,false,NearMint,English,20241007,0.32,1.92
1,"Planar Ally",31,afr,Adventures in the Forgotten Realms,0.03,false,NearMint,English,20240921,0.1,0.1
7,"Planar Disruption",28,one,Phyrexia: All Will Be One,0.11,false,NearMint,English,20240921,0.06,0.42
1,"Planar Outburst",42,bfz,Battle for Zendikar,0.15,false,NearMint,English,20240921,0.27,0.27
4,"Plated Kilnbeast",178,mom,March of the Machine,0.02,false,NearMint,English,20241007,0.02,0.08
4,"Plated Onslaught",29,one,Phyrexia: All Will Be One,0.01,false,NearMint,English,20240921,0.05,0.2
1,"Plummet",199,afr,Adventures in the Forgotten Realms,0.02,false,NearMint,English,20241007,0.02,0.02
4,"Plummet",169,iko,Ikoria: Lair of Behemoths,0.03,false,NearMint,English,20241007,0.02,0.08
2,"Plunge into Winter",22,woe,Wilds of Eldraine,0.02,false,NearMint,English,20240921,0.02,0.04
1,"Polukranos Reborn",200,mom,March of the Machine,0.16,false,NearMint,English,20241007,0.29,0.29
1,"Polukranos, Engine of Ruin",200,mom,March of the Machine,0.16,false,NearMint,English,20241007,0.29,0.29
4,"Porcelain Zealot",30,one,Phyrexia: All Will Be One,0.01,false,NearMint,English,20240921,0.05,0.2
1,"Portent Tracker",201,mom,March of the Machine,0.11,true,NearMint,English,20241007,0.1,0.1
4,"Portent Tracker",201,mom,March of the Machine,0.02,false,NearMint,English,20241007,0.05,0.2
1,"Portrait of Michiko",29,neo,Kamigawa: Neon Dynasty,0.12,false,NearMint,English,20240921,0.15,0.15
1,"Pouncing Lynx",25,war,War of the Spark,0.04,false,NearMint,English,20240921,0.1,0.1
6,"Powerstone Engineer",20,bro,The Brothers' War,0.06,false,NearMint,English,20240921,0.03,0.18
3,"Prayer of Binding",28,dmu,Dominaria United,0.05,false,NearMint,English,20240921,0.05,0.15
1,"Prayer of Binding",28,dmu,Dominaria United,0.09,true,NearMint,English,20240921,0.1,0.1
1,"Predation Steward",180,one,Phyrexia: All Will Be One,0.02,false,NearMint,English,20241007,0.02,0.02
1,"Predator Ooze",124,dka,Dark Ascension,0.5,false,NearMint,English,20241007,0.71,0.71
1,"Predatory Impetus",172,clu,Ravnica: Clue Edition,0.17,false,NearMint,English,20241007,0.12,0.12
1,"Predatory Rampage",180,m13,Magic 2013,0.28,false,NearMint,English,20241007,0.05,0.05
2,"Preston, the Vanisher",8,j22,Jumpstart 2022,10.0,false,NearMint,English,20240921,10.35,20.7
1,"Priest of Ancient Lore",704,clb,Commander Legends: Battle for Baldur's Gate,0.06,false,NearMint,English,20240921,0.13,0.13
1,"Priest of Titania",210,c14,Commander 2014,4.4,false,NearMint,English,20241007,5.0,5.0
6,"Primal Boost",173,dmr,Dominaria Remastered,0.25,false,NearMint,English,20241007,0.25,1.5
2,"Primal Huntbeast",208,bbd,Battlebond,0.05,false,NearMint,English,20241007,0.1,0.2
1,"Primeval Herald",42,j22,Jumpstart 2022,1.17,false,NearMint,English,20241007,2.72,2.72
1,"Primordial Plasm",192,mom,March of the Machine,0.01,false,NearMint,English,20241007,0.02,0.02
1,"Prismatic Lens",272,tsr,Time Spiral Remastered,0.21,false,NearMint,English,20241009,0.14,0.14
1,"Prismatic Omen",60,wot,Wilds of Eldraine: Enchanting Tales,0.5,false,NearMint,English,20241007,0.68,0.68
2,"Prison Sentence",21,bro,The Brothers' War,0.05,false,NearMint,English,20240922,0.02,0.04
1,"Professor of Symbology",24,stx,Strixhaven: School of Mages,0.05,false,NearMint,English,20240921,0.03,0.03
5,"Prophetic Prism",238,one,Phyrexia: All Will Be One,0.03,false,NearMint,English,20241009,0.02,0.1
1,"Prophetic Prism",249,woe,Wilds of Eldraine,0.02,false,NearMint,English,20241009,0.02,0.02
3,"Prosthetic Injector",239,one,Phyrexia: All Will Be One,0.1,false,NearMint,English,20241008,0.1,0.3
1,"Protective Parents",24,woe,Wilds of Eldraine,0.03,false,NearMint,English,20240921,0.02,0.02
2,"Protector of Gondor",25,ltr,The Lord of the Rings: Tales of Middle-earth,0.03,false,NearMint,English,20240921,0.03,0.06
1,"Prowling Felidar",229,j22,Jumpstart 2022,0.09,false,NearMint,English,20240921,0.2,0.2
1,"Pulmonic Sliver",36,tsp,Time Spiral,1.28,false,NearMint,English,20240921,1.17,1.17
1,"Quickbeam, Upstart Ent",419,ltr,The Lord of the Rings: Tales of Middle-earth,0.13,true,NearMint,English,20241006,0.13,0.13
3,"Quickbeam, Upstart Ent",419,ltr,The Lord of the Rings: Tales of Middle-earth,0.06,false,NearMint,English,20241006,0.06,0.18
2,"Quickbeam, Upstart Ent",183,ltr,The Lord of the Rings: Tales of Middle-earth,0.04,false,NearMint,English,20241006,0.02,0.04
1,"Quicksand Whirlpool",31,lci,The Lost Caverns of Ixalan,0.02,false,NearMint,English,20240921,0.09,0.09
1,"Quirion Ranger",285,mh2,Modern Horizons 2,0.56,false,NearMint,English,20240930,0.5,0.5
2,"Rabble Rousing",24,psnc,Streets of New Capenna Promos,0.0,false,NearMint,English,20240921,0.0,0.0
1,"Rabid Bite",223,soi,Shadows over Innistrad,0.05,false,NearMint,English,20241007,0.02,0.02
10,"Radiant's Judgment",230,j22,Jumpstart 2022,0.05,false,NearMint,English,20240922,0.14,1.4
1,"Raffine's Informant",26,snc,Streets of New Capenna,0.07,false,NearMint,English,20240921,0.29,0.29
1,"Rain of Blades",20,scg,Scourge,0.09,false,NearMint,English,20240921,0.02,0.02
1,"Raise the Alarm",25,ddf,Duel Decks: Elspeth vs. Tezzeret,0.12,false,NearMint,English,20240921,0.19,0.19
1,"Rakdos Signet",249,c20,Commander 2020,0.6,false,NearMint,English,20241009,0.86,0.86
3,"Ram Through",170,plst,The List,0.0,false,NearMint,English,20241007,0.0,0.0
2,"Rambunctious Mutt",231,j22,Jumpstart 2022,0.12,false,NearMint,English,20240921,0.15,0.3
1,"Rampaging Baloths",178,zen,Zendikar,1.22,false,NearMint,English,20241007,0.91,0.91
4,"Rampant Growth",262,7ed,Seventh Edition,0.03,false,NearMint,English,20241007,0.04,0.16
1,"Ramunap Excavator",433,cmr,Commander Legends,1.97,false,NearMint,English,20241007,2.0,2.0
1,"Ranger Class",202,afr,Adventures in the Forgotten Realms,0.2,false,NearMint,English,20241007,0.2,0.2
1,"Ranger's Hawk",37,afr,Adventures in the Forgotten Realms,0.04,false,NearMint,English,20240921,0.25,0.25
1,"Ranger's Longbow",203,afr,Adventures in the Forgotten Realms,0.03,false,NearMint,English,20241007,0.03,0.03
1,"Rattleclaw Mystic",144,ktk,Khans of Tarkir,0.32,false,NearMint,English,20241007,0.38,0.38
1,"Raucous Entertainer",177,otj,Outlaws of Thunder Junction,0.14,false,NearMint,English,20241007,0.02,0.02
3,"Ravenous Sailback",202,mom,March of the Machine,0.06,false,NearMint,English,20241007,0.12,0.36
1,"Razorlash Transmogrant",122,bro,The Brothers' War,0.26,false,NearMint,English,20241009,0.14,0.14
1,"Razorlash Transmogrant",333,bro,The Brothers' War,0.27,false,NearMint,English,20241009,0.29,0.29
1,"Reach for the Sky",178,otj,Outlaws of Thunder Junction,0.06,false,NearMint,English,20241007,0.02,0.02
1,"Realm Seekers",38,cns,Conspiracy,0.32,false,NearMint,English,20241007,0.25,0.25
3,"Realmbreaker's Grasp",33,mom,March of the Machine,0.06,false,NearMint,English,20240921,0.1,0.3
1,"Realmbreaker, the Invasion Tree",263,mom,March of the Machine,0.76,true,NearMint,English,20241009,0.84,0.84
1,"Reckless Amplimancer",716,j22,Jumpstart 2022,0.02,false,NearMint,English,20241007,0.02,0.02
2,"Reclamation Sage",186,c20,Commander 2020,0.25,false,NearMint,English,20241007,0.14,0.28
4,"Recommission",22,bro,The Brothers' War,0.11,false,NearMint,English,20240921,0.15,0.6
1,"Recommission",22,bro,The Brothers' War,0.61,true,NearMint,English,20240921,0.15,0.15
5,"Reconstructed Thopter",242,bro,The Brothers' War,0.02,false,NearMint,English,20241009,0.02,0.1
2,"Reconstructed Thopter",242,bro,The Brothers' War,0.04,true,NearMint,English,20241009,0.02,0.04
5,"Recruitment Officer",23,bro,The Brothers' War,0.07,false,NearMint,English,20240921,0.34,1.7
1,"Redrock Sentinel",247,otj,Outlaws of Thunder Junction,0.04,false,NearMint,English,20241009,0.02,0.02
1,"Reduce to Memory",25,stx,Strixhaven: School of Mages,0.03,false,NearMint,English,20240921,0.03,0.03
1,"Reflex Sliver",226,tsr,Time Spiral Remastered,0.12,false,NearMint,English,20241007,0.28,0.28
1,"Regeneration",213,fwb,Foreign White-Bordered,0.24,false,NearMint,English,20241007,0.24,0.24
2,"Regent's Authority",32,neo,Kamigawa: Neon Dynasty,0.03,false,NearMint,English,20240921,0.02,0.04
1,"Regrowth",1309,mb1,Mystery Booster,0.28,false,NearMint,English,20241007,0.5,0.5
2,"Reito Sentinel",256,neo,Kamigawa: Neon Dynasty,0.09,false,NearMint,English,20241009,0.16,0.32
2,"Relic of Legends",236,dmu,Dominaria United,2.68,false,NearMint,English,20241009,1.15,2.3
6,"Remedy",22,dmr,Dominaria Remastered,0.02,false,NearMint,English,20240921,0.05,0.3
9,"Renewed Faith",208,mb1,Mystery Booster,0.06,false,NearMint,English,20240922,0.02,0.18
1,"Renewed Faith",269,dmr,Dominaria Remastered,0.11,true,NearMint,English,20240922,0.12,0.12
3,"Repair and Recharge",24,bro,The Brothers' War,0.04,false,NearMint,English,20240921,0.08,0.24
2,"Repel the Vile",33,neo,Kamigawa: Neon Dynasty,0.03,false,NearMint,English,20240921,0.24,0.48
1,"Replicating Ring",372,moc,March of the Machine Commander,2.06,false,NearMint,English,20241009,0.59,0.59
3,"Reprieve",26,ltr,The Lord of the Rings: Tales of Middle-earth,0.89,false,NearMint,English,20240921,0.93,2.79
1,"Requisition Raid",26,otj,Outlaws of Thunder Junction,0.32,false,NearMint,English,20240921,0.28,0.28
4,"Rescue Retriever",373,bro,The Brothers' War,0.3,false,NearMint,English,20240921,0.22,0.88
4,"Resistance Reunited",31,one,Phyrexia: All Will Be One,0.03,false,NearMint,English,20240921,0.05,0.2
2,"Restoration Angel",150,blc,Bloomburrow Commander,0.17,false,NearMint,English,20240921,0.15,0.3
1,"Retreat to Emeria",20,znc,Zendikar Rising Commander,0.19,false,NearMint,English,20240921,0.06,0.06
1,"Retreat to Kazandu",78,znc,Zendikar Rising Commander,0.22,false,NearMint,English,20241007,0.19,0.19
1,"Return Triumphant",26,woe,Wilds of Eldraine,0.03,false,NearMint,English,20240921,0.02,0.02
1,"Return from the Wilds",181,woe,Wilds of Eldraine,0.05,false,NearMint,English,20241007,0.08,0.08
1,"Return of the Wildspeaker",79,znc,Zendikar Rising Commander,0.97,false,NearMint,English,20241007,0.99,0.99
1,"Return to Dust",71,c18,Commander 2018,0.15,false,NearMint,English,20240921,0.2,0.2
2,"Revelation of Power",28,snc,Streets of New Capenna,0.02,false,NearMint,English,20240921,0.02,0.04
1,"Revive the Shire",185,ltr,The Lord of the Rings: Tales of Middle-earth,0.06,false,NearMint,English,20241007,0.06,0.06
1,"Rhoda, Geist Avenger",46,voc,Crimson Vow Commander,0.32,false,NearMint,English,20240921,0.32,0.32
1,"Rhox Pummeler",155,snc,Streets of New Capenna,0.02,false,NearMint,English,20241007,0.02,0.02
1,"Riders of Gavony",98,c20,Commander 2020,0.1,false,NearMint,English,20240921,0.04,0.04
1,"Ring of Kalonia",212,m13,Magic 2013,0.46,false,NearMint,English,20241009,0.5,0.5
1,"Ring of Valkas",214,m13,Magic 2013,0.35,false,NearMint,Portuguese,20241009,0.18,0.18
1,"River Herald Guide",209,lci,The Lost Caverns of Ixalan,0.02,false,NearMint,English,20241007,0.12,0.12
1,"Riveteers Decoy",156,snc,Streets of New Capenna,0.02,false,NearMint,English,20241007,0.02,0.02
1,"Roar of Challenge",720,j22,Jumpstart 2022,0.11,false,NearMint,English,20241007,0.02,0.02
1,"Roaring Earth",204,neo,Kamigawa: Neon Dynasty,1.25,false,NearMint,English,20241007,0.7,0.7
1,"Roaring Primadox",188,m13,Magic 2013,0.13,false,NearMint,English,20241007,0.03,0.03
1,"Rogue's Gloves",227,m15,Magic 2015,0.17,false,NearMint,English,20241009,0.06,0.06
2,"Rootrider Faun",182,woe,Wilds of Eldraine,0.02,false,NearMint,English,20241007,0.02,0.04
1,"Roots of Wisdom",721,j22,Jumpstart 2022,0.02,false,NearMint,English,20241007,0.02,0.02
1,"Rope",173,mkm,Murders at Karlov Manor,0.05,false,NearMint,English,20240930,0.19,0.19
1,"Rosethorn Halberd",722,j22,Jumpstart 2022,0.06,false,NearMint,English,20240930,0.02,0.02
1,"Roving Harper",40,clb,Commander Legends: Battle for Baldur's Gate,0.04,false,NearMint,English,20240921,0.14,0.14
1,"Ruin-Lurker Bat",33,lci,The Lost Caverns of Ixalan,0.27,false,NearMint,English,20240921,0.15,0.15
1,"Ruinous Intrusion",28,mic,Midnight Hunt Commander,0.23,false,NearMint,English,20241007,0.24,0.24
1,"Rule of Law",37,10e,Tenth Edition,0.66,false,NearMint,English,20240921,0.24,0.24
1,"Rune of Sustenance",25,khm,Kaldheim,0.2,false,NearMint,English,20240921,0.17,0.17
1,"Runechanter's Pike",48,brr,The Brothers' War Retro Artifacts,0.15,false,NearMint,English,20241009,0.13,0.13
1,"Runed Halo",32,pm21,Core Set 2021 Promos,0.44,true,NearMint,English,20240921,0.7,0.7
3,"Runic Shot",30,dmu,Dominaria United,0.02,false,NearMint,English,20240921,0.05,0.15
4,"Rustvine Cultivator",181,one,Phyrexia: All Will Be One,0.02,false,NearMint,English,20240930,0.02,0.08
8,"Rustvine Cultivator",455,one,Phyrexia: All Will Be One,0.14,true,NearMint,English,20240930,0.15,1.2
1,"Rustvine Cultivator",295,one,Phyrexia: All Will Be One,0.05,true,NearMint,English,20240930,0.1,0.1
8,"Ruthless Predation",182,one,Phyrexia: All Will Be One,0.05,false,NearMint,English,20241007,0.02,0.16
2,"Safe Passage",29,ddi,Duel Decks: Venser vs. Koth,0.19,false,NearMint,English,20240922,0.18,0.36
2,"Sakura-Tribe Elder",239,chk,Champions of Kamigawa,0.5,false,NearMint,English,20241007,0.67,1.34
4,"Salvaged Manaworker",237,dmu,Dominaria United,0.03,false,NearMint,English,20241009,0.02,0.08
5,"Samite Herbalist",31,dmu,Dominaria United,0.04,false,NearMint,English,20240921,0.1,0.5
1,"Samwise the Stouthearted",28,ltr,The Lord of the Rings: Tales of Middle-earth,0.07,false,NearMint,English,20240921,0.1,0.1
2,"Samwise the Stouthearted",306,ltr,The Lord of the Rings: Tales of Middle-earth,0.08,false,NearMint,English,20240921,0.11,0.22
1,"Sanctuary Lockdown",28,iko,Ikoria: Lair of Behemoths,0.05,false,NearMint,English,20240921,0.09,0.09
1,"Sanctuary Raptor",233,mh2,Modern Horizons 2,0.02,false,NearMint,English,20241009,0.02,0.02
1,"Sanctum Weaver",131,woc,Wilds of Eldraine Commander,1.57,false,NearMint,English,20241007,1.28,1.28
1,"Sandstalker Moloch",203,mom,March of the Machine,0.02,false,NearMint,English,20241007,0.08,0.08
6,"Sandstorm",174,dmr,Dominaria Remastered,0.03,false,NearMint,English,20240930,0.02,0.12
1,"Sandwurm Convergence",911,cmm,Commander Masters,0.24,false,NearMint,English,20241006,0.3,0.3
1,"Saproling Symbiosis",175,dmr,Dominaria Remastered,0.51,false,NearMint,English,20241007,0.39,0.39
1,"Saradoc, Master of Buckland",383,ltr,The Lord of the Rings: Tales of Middle-earth,1.1,false,NearMint,English,20240921,5.0,5.0
3,"Sarinth Steelseeker",189,bro,The Brothers' War,0.19,false,NearMint,English,20241007,0.2,0.6
1,"Saryth, the Viper's Fang",197,pmid,Innistrad: Midnight Hunt Promos,2.12,true,NearMint,English,20241007,3.5,3.5
